2802 4532
419 387 594 508 με
796 385 966 483 Jo.
1013 328 2093 468 BAPT.‘AMALTHE-1.

452 535 695 612 Pinxit
725 534 1026 634 Apelleis
1059 536 1362 609 animata
1385 533 1731 608 coloribus
1760 559 1916 629 ura,
2428 553 2478 632 5

453 639 664 728 Ora,
695 631 1042 730 sacrosque
1073 633 1370 708 habituS.
1420 631 1698 728 Viden,
1750 652 1827 706 ut
1842 631 2163 732 generosa
2176 635 2477 710 nitentes

451 730 784 825 Maiestas
813 731 1051 804 oculos
1081 731 1370 818 hilarat?
1420 729 1789 830 lumenque
1808 735 2109 830 juventae
2154 722 2165 735 ’
2434 743 2440 751 ’

450 832 750 909 Addidit
783 831 948 902 hinc
981 830 1230 904 formae
1257 830 1513 921 decus,
1566 831 1733 904 hinc
1766 828 1895 900 flos
1932 831 2201 928 puberis
2232 829 2423 904 aevi?

312 916 322 929 ¹
381 925 390 936 ’
450 929 758 1026 Altaque
786 951 922 1026 pax
955 928 1164 1000 animi
1198 928 1562 1022 tranquilla
1596 929 1667 1003 in
1699 925 1929 1000 fronte
1964 927 2267 1002 renidet?

449 1025 746 1126 Aspice,
797 1047 875 1100 ut
903 1049 991 1098 ex
1022 1026 1323 1098 humeris
1351 1025 1563 1096 rubro
1596 1025 1899 1098 sinuatur
1932 1025 2191 1103 amistu
2376 1046 2472 1098 ιο

449 1123 764 1196 Candida
805 1125 1002 1222 multi
1059 1123 1178 1195 lici
1213 1120 1507 1221 crispans
1536 1122 1967 1222 subtegmina
2000 1122 2190 1196 flexu
2281 1153 2293 1163 ·

441 1221 778 1300 Carbasus
801 1274 830 1314 ,
879 1220 955 1294 δε
1013 1245 1172 1294 acro
1199 1219 1264 1293 se
1295 1221 1601 1296 molliter
1626 1221 1941 1318 implicat
1976 1222 2210 1312 ostro,

444 1325 688 1418 Atque
717 1315 1013 1394 obdueta
1043 1320 1184 1392 levi
1213 1321 1578 1394 transsucet
1612 1342 1915 1418 purpura
1950 1320 2137 1422 velo,

453 1458 461 1468 ·
547 1419 767 1492 Hunc
800 1417 964 1509 dea,
1015 1439 1180 1490 cum
1211 1417 1464 1516 primas
1500 1421 1777 1490 veniens
1806 1419 1891 1490 ad
1926 1419 2206 1494 luminis
2232 1440 2387 1490 oras

442 1512 906 1618 Languidulis
943 1537 1179 1588 tenues
1205 1515 1557 1615 vagitibus
1584 1516 1867 1612 impulit
1898 1540 2137 1608 auraS,
2374 1534 2464 1610 15

440 1613 796 1716 Virginco
828 1635 1208 1710 exceptum
1227 1614 1556 1711 gremio,
1602 1612 2031 1711 sparsumque
2059 1613 2353 1690 recentis

433 1712 832 1788 Ambrofiae
859 1699 1079 1786 succis
1110 1709 1383 1786 admifit
1416 1713 1503 1786 ad
1540 1711 1771 1786 oscula
1798 1711 2035 1786 Panas.

437 1809 614 1886 Inde
647 1811 767 1885 ubi
811 1808 1276 1908 cognatosque
1305 1810 1557 1903 duces,
1604 1811 2021 1909 geminaque
2048 1812 2349 1891 virentes

435 1907 717 1982 Fronde
743 1931 1016 1982 comam
1055 1909 1298 2006 patrias
1334 1910 1572 2008 potuit
1602 1909 2017 2007 cognoscere
2044 1909 2311 1998 laun-05,

343 2017 351 2027 '
433 2007 798 2080 Musarum
830 2004 1123 2096 decora,
1175 2005 1249 2078 &
1285 2006 1459 2078 duro
1489 2007 1641 2078 data
1678 2006 1961 2102 praemia
1996 2005 2256 2095 Marti,
2361 2025 2457 2077 20

435 2103 898 2200 Heroumque
933 2103 1070 2176 vias
1103 2105 1345 2176 teneris
1372 2101 1669 2174 insistere
1700 2102 1983 2198 plantis,

433 2201 659 2283 Parvo
693 2203 1048 2302 ingentem
1079 2201 1368 2275 humero
1412 2201 1743 2275 citharam
1774 2196 2157 2297 suspendit,
2210 2200 2289 2275 &
2318 2199 2462 2274 alta

431 2300 569 2375 Per
600 2324 880 2373 nemora
907 2301 1302 2393 Aonidum,
1351 2324 1605 2398 perque
1646 2323 1845 2370 autea
1876 2297 2087 2373 fidera
2114 2299 2345 2376 duxit.

430 2397 569 2474 lna
599 2398 831 2473 eadem
863 2396 1070 2471 sacrae
1105 2423 1395 2497 puerum
1426 2396 1751 2471 formavit
1780 2398 1861 2468 ad
1896 2416 2112 2492 arteS,

431 2495 869 2596 Divinosque
899 2496 1088 2569 dedit
1121 2495 1442 2595 spirantia
1472 2494 1753 2595 peitora
1780 2494 2024 2571 sensus.
2358 2516 2455 2592 25

432 2592 630 2669 Tum
665 2593 832 2671 verb
865 2594 1298 2693 monitusque
1327 2595 1512 2686 Dei,
1546 2590 1639 2667 ⁹&
1669 2592 1975 2669 coelestia
1998 2594 2213 2693 jussa,

425 2690 528 2771 Et
568 2692 799 2795 legum
827 2694 1102 2784 seriem,
1153 2688 1683 2791 praescriptaque
1713 2690 1977 2767 foedera
2008 2692 2271 2767 mundo

427 2790 742 2865 Edidicit
782 2790 1202 2867 monstrante
1231 2792 1400 2883 dea,
1450 2812 1582 2863 nec
1616 2789 2155 2888 liquit;‚inausum
2272 2837 2280 2847 ·

428 2886 836 2988 Quidquam
856 2888 1087 2961 animo
1105 2941 1130 2981 ,
1151 2884 1522 2987 quidquam
1538 2886 1850 2985 ingenie,
1863 2888 2117 2961 diversa
2136 2886 2451 2963 laborum

426 2986 516 3059 In
547 2988 755 3087 spatia
786 3007 1194 3079 exeun-em,
1245 2986 1662 3085 laudumque
1698 2986 1767 3057 in
1798 2986 1958 3059 luce
1988 2984 2251 3059 refiilfit
2354 3007 2449 3089 30
2476 2994 2485 3005 ‘

427 3082 612 3157 Non
643 3085 881 3174 aliter,
930 3108 1131 3180 quarn
1169 3084 1292 3159 Sol
1321 3086 1587 3156 varium
1622 3082 1941 3159 duodena
1972 3106 2094 3181 per
2124 3084 2298 3159 astra

427 3179 672 3255 Currit
705 3186 833 3258 iter
867 3203 1044 3279 puro
1079 3180 1467 3255 diffundens
1499 3182 1761 3255 lumina
1788 3181 2002 3255 coelo.

527 3278 908 3356 Fortunate
940 3280 1182 3370 nimis,
1231 3282 1345 3352 cui
1382 3280 1613 3379 pri-o
1638 3276 1857 3351 arrisit
1884 3279 1972 3353 ab
2010 3300 2171 3353 ortu

424 3376 789 3453 Astromm
821 3378 1115 3472 chorus,
1167 3376 1242 3451 &
1276 3377 1498 3451 fausto
1533 3377 1724 3451 dedit
1756 3379 1989 3452 omina
2016 3378 2235 3453 Panas

422 3472 776 3569 Auspicio.
819 3478 962 3573 jam
995 3494 1067 3549 te
1100 3498 1348 3573 magna
1377 3474 1576 3573 super
1607 3476 1853 3549 indole*
1872 3478 2083 3551 virtus
2354 3496 2389 3575 3
2401 3496 2447 3574 ς

424 3574 776 3665 Auxerat,
826 3574 899 3645 &
928 3572 1235 3645 nondum
1270 3572 1487 3671 plenis
1526 3572 1822 3647 florebat
1852 3574 1939 3648 ab
1972 3574 2211 3667 anniso,

423 3669 612 3748 Cum
640 3669 803 3747 lanas
836 3690 1170 3751 ten-atum
1203 3696 1392 3771 orae,
1444 3690 1859 3773 externaque
1894 3696 2113 3775 regna
2200 3764 2366 3864 Ιώ·

2352 3787 2429 3841 us
