2802 4532
497 424 594 511 w
967 399 1999 511 ELEGIARUM

499 568 914 677 Cunetaque
941 572 1130 647 felici
1161 572 1322 674 figis
1349 572 1636 675 vestigia
1664 598 1873 673 cura,

601 672 942 748 Observas
975 662 1202 748 Latiae
1233 674 1403 745 dum
1435 696 1883 749 monumenta
1908 679 2071 752 viaei

501 774 608 847 At
639 773 817 846 mihi
847 794 1130 871 paganae
1153 769 1419 843 difflant
1450 770 1791 869 sylvestria
1826 776 2053 849 Musae

599 870 965 962 Carmina,
1017 888 1174 965 quae
1207 869 1397 940 tenui
1440 888 1731 965 gutture
1756 892 1985 947 cantat
2020 876 2269 954 Amor.
2422 900 2513 959 ιο

495 967 804 1066 Fidaque
834 968 1108 1040 secretis
1133 964 1495 1065 respondet
1526 966 1713 1065 sylva
1740 972 2059 1067 querelis:

597 1066 692 1137 Et
725 1064 1028 1163 percuffi
1053 1065 1228 1137 meis
1257 1061 1547 1135 vocibus
1585 1084 1777 1139 antra
1809 1065 2065 1143 sonant.

495 1160 584 1237 N
587 1185 668 1248 ec
685 1181 954 1247 tantum
975 1160 1309 1260 popuIOS‚
1357 1184 1489 1233 nec
1504 1179 1775 1237 tantum
1798 1164 2246 1243 horrescimus
2256 1172 2511 1269 urbeis,

595 1257 956 1353 Qantum
987 1283 1130 1333 non
1153 1260 1358 1357 justae
1393 1258 1721 1341 saevjtiatn
1754 1260 2082 1339 dominae.

487 1355 664 1433 Hoc
682 1362 843 1430 vitae
858 1381 1074 1457 genus
1087 1407 1118 1449 2
1162 1358 1304 1429 hoc
1319 1354 1619 1431 studium
1638 1359 1817 1435 mihi
1832 1360 2383 1439 fataministtant:
2412 1385 2438 1437 ι
2458 1384 2505 1461 5

591 1456 788 1529 Hinc
815 1478 993 1552 opto
1032 1455 1292 1527 cineres
1321 1476 1581 1527 nomen
1612 1456 1865 1527 habere
1898 1484 2114 1533 meos.

488 1552 626 1632 Me
658 1552 907 1652 probet
940 1548 1275 1627 umbrosis
1303 1550 1651 1649 pastorum
1684 1552 1889 1631 turba
1918 1554 2043 1628 sub
2070 1562 2325 1653 antris,

429 1655 437 1663 ’
589 1652 782 1725 Dum
820 1668 1022 1755 rogat
1049 1646 1379 1746 agrestem
1424 1648 1603 1728 la&e
1631 1669 1912 1754 tepente
1944 1652 2207 1727 Palem.

477 1748 622 1824 hle
657 1748 837 1821 rudis
862 1745 1138 1820 ἰηάοᾶει
1163 1746 1564 1821 moduletur
1591 1750 1923 1822 arundine
1951 1750 2289 1852 Thyrsis:

578 1846 675 1921 Et
705 1828 848 1919 tam
877 1844 1215 1919 constanti
1248 1842 1481 1922 laudet
1506 1845 1754 1919 amass'e
1782 1845 1944 1921 fide.
2405 1872 2501 1925 20

480 1942 658 2021 inde
703 1943 898 2049 super
927 1942 1414 2039 tumulumque
1448 1966 1679 2015 meum
1699 1996 1725 2035 ‚
1774 1944 2161 2043 mancisque
2191 1943 2497 2043 sepultos

575 2042 868 2138 Tityrus
897 2064 985 2115 ex
1021 2040 1266 2119 hedera
1297 2039 1467 2116 serta
1500 2042 1766 2115 virente
1796 2040 1987 2115 ferat.

474 2138 631 2216 Hic
664 2138 837 2211 mihi
868 2136 1128 2211 saltabit·
1157 2136 1534 2237 Corydon,
1586 2138 1662 2211 &
1688 2138 1983 2241 pulcher
2013 2138 2292 2216 Alexis:

575 2237 944 2313 Damoetas
971 2234 1175 2308 flores
1202 2231 1475 2334 sparget
1503 2254 1657 2310 utra
1702 2260 1788 2310 ue
1815 2260 2063 2312 manu:

471 2333 1038 2436 Fluminibusque
1067 2330 1261 2416 sacris
1292 2333 1568 2408 umbras
1590 2335 1662 2408 in
1712 2356 1875 2410 ucet
1903 2337 2125 2433 Iolas,
2394 2363 2495 2440 25

571 2434 770 2507 Dum
798 2458 887 2507 co
939 2453 1011 2506 et
1037 2429 1280 2507 saturas
1315 2430 1804 2530 Alphefiboeus
1835 2435 2049 2510 ovele.
2457 2441 2463 2449 '

469 2531 658 2610 Non
686 2533 858 2606 mihi
889 2458 1338 2624 {Gaeonidem
1389 2531 1621 2626 Luci,
1668 2556 1810 2606 non
1834 2555 1999 2610 cura
2028 2532 2405 2617 Maronem

570 2627 874 2704 Vincere
904 2657 924 2704 :
977 2630 1030 2702 fi
1063 2629 1226 2704 fiam
1259 2647 1472 2704 notus
1502 2654 1778 2723 amore,
1826 2631 1922 2706 sat
1955 2631 2077 2705 est.

465 2728 667 2825 Quid
701 2728 876 2810 feret
908 2729 1236 2808 AEacides
1261 2729 1510 2821 nobis,
1558 2728 1725 2825 quid
1758 2751 1996 2808 caums
2026 2729 2341 2830 Ulyss'ess?

563 2827 758 2924 Qfid
793 2828 946 2924 pius
979 2827 1241 2900 AEneas
1264 2875 1292 2916 ‚
1341 2825 1751 2900 Ascaniusve
1778 2825 1996 2922 puer?
2390 2850 2483 2932 30

460 2925 602 3004 Ista
631 2941 878 2998 canant
909 2922 1021 2994 alii
1039 2969 1064 3011 ,
1109 2945 1409 3018 quorum
1442 2923 1685 3014 stipata
1713 2925 1919 2994 trium
1976 2925 2083 2994 his

372 3061 378 3068 -
445 3075 472 3094 .
568 3017 767 3098 Musa
799 3039 1052 3116 vagum
1085 3039 1128 3088 e
1159 3017 1439 3089 tumulis
1474 3038 1729 3086 nomen
1760 3015 1833 3086 in
1864 3039 1902 3085 a
1966 3041 2037 3090 ra
2062 3016 2263 3101 ferae

465 3121 570 3195 At
603 3117 776 3192 mihi
819 3133 964 3188 tete
999 3113 1213 3186 avidis
1243 3113 1447 3186 liceat
1470 3111 1733 3184 vincire
1754 3109 2065 3206 lacertiS,

561 3215 953 3314 Osculaque
977 3229 1221 3312 optata
1247 3209 1511 3290 sumere
1540 3207 1657 3286 lon
1778 3233 1997 3288 mora.

457 3312 560 3388 Et
595 3315 798 3384 liceat
830 3311 1050 3411 pofita
1083 3311 1311 3384 mirari
1339 3306 1651 3384 membra
1708 3329 1957 3382 ucerna
1979 3359 2007 3402 ,
2374 3331 2470 3412 35

557 3411 640 3483 N
647 3411 818 3484 offis
851 3411 928 3485 ὃς
961 3407 1258 3490 insolitas
1285 3407 1555 3487 melete
1580 3405 1983 3480 blanditias:

457 3509 559 3600 At
607 3529 694 3578 ue
721 3531 996 3600 manus,
1043 3527 1248 3602 atque
1279 3529 1398 3580 ora
1428 3507 1567 3578 tuis
1598 3528 1757 3578 com
1814 3529 2023 3590 onere
2048 3504 2121 3578 in
2151 3503 2374 3604 ulniS,

553 3531 629 3678 ‘CIL
632 3627 806 3696 eque
842 3627 1003 3676 meo
1029 3606 1252 3678 lassinm
1283 3603 1462 3702 saepe
1489 3602 1727 3678 fovere
1814 3627 1931 3678 nu.

453 3703 594 3798 Sed
625 3703 788 3815 quid
819 3723 1002 3812 egO,
1053 3705 1166 3792 hei
1193 3701 1477 3810 misero?
1524 3701 1840 3790 ventosus
1868 3702 2090 3788 inania
2124 3703 2327 3890 {ugo
2362 3803 2377 3817 ι
2476 3747 2489 3756 ·

2190 3827 2456 3904 omma,
