2802 4532
509 407 658 486 420
845 369 1396 476 JO.BAP·1·.
1452 372 2157 456 AMALTHEI.

511 529 614 603 Et
645 525 876 626 potuit
911 521 1116 598 toties
1147 521 1493 596 fimnla'tos
1520 519 1773 596 sumere
1802 523 2039 598 vultus

513 677 522 694 ,
600 629 964 724 Juppiter,
1015 622 1091 696 ἃ
1133 614 1308 694 fiais
1341 617 1573 692 fallere
1606 621 2031 720 imaginibus·

511 723 706 820 Quid
743 725 1040 812 mirum,
1097 717 1144 792 fi
1183 743 1294 792 me
1375 722 1553 790 rimo
1597 717 1637 790 s
1633 719 1719 790 ab
1754 719 1920 791 flore
1949 725 2255 820 juventae
2428 737 2531 814 95

607 824 823 919 Cepit
851 817 1196 893 bimditiis
1227 841 1320 913 pu
1351 807 1513 888 ebra
1558 819 1815 890 Neaera
1850 817 2023 890 suis?

507 921 610 1000 Et
643 921 886 992 docuit
923 918 1110 990 collo
1143 917 1342 986 lentis
1375 916 1637 988 haerere
1668 917 1983 1007 lacertis,

609 1017 704 1090 Et
739 1041 903 1090 caro
937 1015 1232 1093 invitum
1265 1012 1539 1086 avellier
1585 1011 1625 1086 ὲ
1656 1012 1987 1112 gremio?

503 1114 730 1208 Quod
775 1113 822 1186 fi
855 1112 1033 1184 nulla
1061 1108 1232 1184 mihi
1269 1111 1597 1209 placarint
1638 1131 1798 1184 vota
1836 1111 1911 1182 N
1920 1135 2217 1202 eaeranu

607 1215 682 1288 Si
720 1209 980 1286 miseras
1011 1204 1202 1281 surda
1236 1208 1563 1306 spreverit
1603 1233 1761 1282 aure
1792 1233 2067 1308 preces:
2396 1225 2532 1282 100

505 1313 612 1386 Et
645 1312 914 1408 cupiam
949 1327 1176 1382 tantos
1207 1308 1348 1382 leto
1385 1305 1584 1381 finire
1606 1307 1919 1400 dolorm,

611 1407 1010 1506 Ignotisque
1039 1427 1232 1506 tegar
1273 1425 1583 1480 mortuus
1620 1403 2029 1504 aggeribus:
2118 1470 2123 1478 .

508 1509 631 1582 Tu
663 1505 812 1578 face
841 1559 862 1598 ,
919 1525 996 1578 ut
1027 1507 1278 1604 exigua
1309 1501 1582 1602 superet
1612 1505 1819 1576 breve
1850 1527 2133 1578 carmen
2172 1509 2243 1580 in
2280 1531 2481 1582 urna:

605 1605 826 1680 Hunc
865 1607 1125 1695 Amor,
1179 1603 1363 1674 hunc
1391 1599 1583 1702 juffit
1622 1603 1791 1676 dura
1824 1601 2051 1698 puella
2082 1607 2289 1683 mon‘.

857 1749 2158 1888 ADLYGDAMUM

685 2017 820 2066 une
857 1995 1072 2090 igitur
1102 1994 1312 2066 muita
1343 1991 1631 2064 defessus
1664 1989 1967 2064 membra
2052 1989 2307 2064 aiaestra

501 2009 668 2174 T
775 2091 944 2160 Non
979 2111 1208 2183 parcet
1245 2089 1481 2176 vastis,
1534 2087 1935 2186 Lygdame‚
2046 2087 2465 2178 uminibus?l

501 2189 670 2262 Nec
702 2207 772 2258 te
806 2183 1106 2256 caeruleo
1137 2183 1480 2257 latitantes
1510 2187 1791 2285 gurgite
1822 2183 2237 2285 Nymphae,

602 2286 763 2359 Nec
795 2304 1057 2355 terrent
1085 2280 1314 2355 dubiae
1349 2283 1538 2356 mille
1580 2284 1834 2381 pericla
1868 2282 2052 2357 viae?
2162 2290 2171 2302 “

497 2382 620 2460 Ah
657 2382 963 2479 quoties,
1013 2404 1212 2455 amne
1243 2384 1314 2457 in
1343 2382 1581 2454 medio
1608 2380 1779 2457 dum
1814 2380 2097 2457 brachia
2120 2380 2378 2485 jaffas,
2480 2408 2533 2484 5

604 2480 962 2571 Extimui,
1015 2502 1103 2552 ne
1133 2476 1246 2555 cui
1279 2498 1475 2581 grata
1502 2480 1732 2577 rapina
1770 2478 1973 2554 fores.

499 2582 691 2670 Aut,
739 2602 902 2651 cum
989 2577 1308 2676 erspicuis
1343 2579 1608 2651 miraris
1640 2578 1951 2653 membra
1977 2576 2098 2653 sub
2128 2580 2374 2678 undis,

603 2677 896 2751 Arderes
957 2698 1171 2749 ormae
1203 2695 1455 2773 captus
1482 2701 1716 2751 amore
1742 2698 1928 2769 tuae,

501 2775 738 2865 Talis,
791 2774 908 2847 ubi
941 2772 1302 2870 Mysorum
1336 2794 1539 2884 agros
1577 2774 1751 2849 celsa
1790 2778 1915 2851 atti
1970 2774 2029 2846 it
2066 2775 2311 2874 Argo,

600 2872 1268 2947 Thiodomantaeum
1305 2872 1549 2945 luterat
1578 2895 1769 2945 error
1804 2872 1924 2971 Hy
1992 2896 2061 2945 n.
2434 2894 2521 2951 ιο

501 2972 690 3046 Fons
717 2989 898 3060 erat,
949 2970 1021 3039 δί
1059 2970 1324 3041 circum
1371 2966 1683 3067 surgebat
1716 2993 1981 3065 myrtea
2014 2966 2216 3064 stiva,

427 3136 442 3161 ,
604 3068 842 3161 Quam
889 3062 1116 3139 saliens
1135 3064 1420 3165 ·liqnidis
1460 3088 1641 3137 rivus
1671 3067 1893 3139 alebat
1924 3066 2130 3163 aquiS.

505 3166 913 3261 Qinetiam
953 3164 1189 3237 aeterni
1223 3160 1600 3263 pingebant
1629 3166 1935 3263 gramina
1974 3164 2219 3260 flores,

605 3262 1116 3363 Fragrabatque
1149 3262 1384 3337 Arabo
1418 3260 1678 3359 semper
1703 3262 1920 3335 odore
1948 3286 2212 3339 nemus.

505 3360 682 3435 Huc
721 3386 888 3456 puer
923 3362 1006 3434 ad
1033 3360 1294 3461 gelidos
1323 3382 1454 3456 pro
1504 3358 1730 3434 erabat
1767 3360 1949 3435 forte
1986 3364 2321 3461 liquore8‚
2424 3384 2452 3437 1
2465 3384 2510 3461 ς

608 3459 703 3532 Et
731 3480 1032 3535 teneram
1073 3458 1403 3557 implebat
1480 3456 1659 3532 &citis
1682 3482 1851 3531 urna
1882 3484 2184 3535 manum.

462 3631 482 3651 „
505 3554 704 3634 Urna
741 3580 1018 3631 manum
1063 3556 1392 3659 implebat
1427 3560 1625 3632 variis
1646 3556 1961 3633 distin&
1992 3556 2270 3673 figuris',

599 3656 834 3761 Qam
867 3658 1217 3759 quondam
1251 3656 1521 3737 Alcidae
1553 3641 1805 3735 fecerat
1834 3660 2202 3759 Eurytion.
2350 3739 2527 3827 nnc,
