2802 4532
387 443 596 538 'io
815 447 1012 526 DE
1104 437 1670 520 PARTU
1766 439 2215 522 VIRG.

501 599 642 674 Sed
667 597 837 698 quid
867 621 1003 698 ego
1037 595 1234 692 (heu)
1269 593 1421 668 dira
1448 587 1842 689 conspersos
1862 592 2065 668 caede
2097 601 2406 694 penateia

496 699 854 775 Infantum
872 752 897 792 ,
950 696 1026 771 δί
1059 695 1288 769 subito
1319 692 1699 765 ctu-renteis
1724 690 2046 792 sanguine
2079 695 2266 772 rivos

494 793 878 896 Adspicio?
929 795 1266 890 tristisque
1295 813 1477 865 meas
1518 790 1789 890 vagitus
1820 793 1902 864 ad
1936 796 2154 868 aureis

416 925 436 940 r
493 897 800 970 Fertur?
848 897 960 990 io,
1007 891 1221 966 scelus
1247 891 1350 965 est
1379 909 1615 992 partus
1640 889 1959 989 jugulare
1994 893 2359 968 recenteis.

496 995 846 1088 Crudelis,
861 990 1028 1091 quid
1042 989 1220 1092 agis?
1237 991 1413 1063 nihss
1434 989 1506 1061 hi
1524 1011 1867 1084 meruere,
1882 1013 2098 1088 neque
2114 993 2315 1069 inum
2331 1045 2355 1089 ,
2378 1009 2523 1094 275

495 1091 738 1188 Qem
775 1096 992 1191 petis»,
1043 1088 1276 1162 insano
1307 1087 1584 1162 dabitur
1612 1088 1744 1164 tibi
1776 1087 2060 1188 perdere
2087 1089 2297 1168 ferro.

491 1189 724 1268 Nunc
755 1213 940 1262 nunc
976 1213 1024 1262 o
1055 1211 1306 1262 matres
1337 1186 1657 1260 scelerata
1686 1187 2033 1262 abscedite
2057 1209 2271 1284 terra,
2406 1213 2419 1222 “

485 1290 694 1366 Dum
721 1289 888 1374 licet
909 1342 933 1383 ‚
987 1290 1197 1386 inque
1227 1286 1375 1359 finu
1414 1307 1661 1386 pueros
1696 1284 2097 1363 abscondite
2124 1290 2381 1363 vestros
2398 1313 2423 1364 τ

485 1387 690 1462 Nam
727 1387 908 1462 ferus
941 1385 1154 1459 hostis
1184 1384 1404 1458 adest:
1544 1407 1755 1482 opera
1776 1390 1925 1486 jam
1954 1387 2147 1488 regia
2182 1387 2421 1487 virg0‚

483 1485 716 1585 Inque
747 1485 1217 1558 Paraethonias
1247 1501 1429 1555 trans
1504 1507 1535 1552 r
1573 1501 1691 1554 tua
1728 1487 2028 1582 pignora
2062 1508 2306 1560 terras:
2374 1485 2521 1560 280

486 1586 851 1659 Admonet
879 1583 1381 1680 hoc-magnum
1418 1581 1698 1680 genitor
1730 1585 1848 1678 qui
1878 1601 2222 1680 temperat
2253 1585 2522 1661 orbem.

372 1739 378 1746 »
487 1681 688 1758 Tuta
716 1680 1002 1773 domus,
1055 1683 1330 1776 tutique
1357 1679 1503 1751 illic
1542 1677 1717 1769 tibi,
1768 1679 1949 1773 Dia,
2000 1680 2315 1755 recessus·

477 1777 756 1853 Verum
791 1779 911 1852 ubi
947 1777 1054 1851 bis
1085 1776 1264 1851 senas
1293 1777 1615 1876 hyemeS,
1664 1775 1771 1850 bis
1800 1776 2087 1876 serraque
2114 1775 2260 1852 nati

479 1875 823 1962 Solstitia,
877 1878 952 1950 &
993 1897 1220 1950 tantos
1251 1873 1670 1974 superaveris
1700 1875 1901 1950 anxia
1930 1875 2154 1950 casus:

479 1975 836 2076 Ingenteis
865 1979 1013 2048 imo
1046 1977 1250 2048 duces
1283 1975 1374 2046 de
1404 1974 1687 2074 pectore
1712 1975 2028 2073 questus»,
2366 1971 2514 2074 285

476 2077 840 2173 Aureaque
873 2073 1138 2148 affiduis
1171 2071 1463 2171 pulsabis
1490 2072 1703 2146 fidera
1734 2072 1940 2147 votis.

477 2172 677 2248 Nam
713 2196 1002 2272 puerum
1024 2223 1051 2265 ‚
1098 2172 1407 2271 quamvis
1441 2195 1566 2271 per
1596 2167 2119 2270 compita-saepe
2146 2187 2509 2264 vocatum,

477 2274 688 2369 Saepe
725 2270 1194 2371 exspectatum
1227 2272 1577 2345 consuetae
1603 2270 1687 2345 ad
1720 2273 1971 2369 gaudia
2006 2268 2295 2363 mensae,

470 2369 831 2467 Perquires
861 2369 1316 2469 nequicquam
1353 2392 1621 2443 amens:
1674 2392 1805 2442 nec
1842 2369 2047 2442 chara
2072 2386 2427 2467 petentem

475 2468 774 2561 Oscula,
819 2492 953 2541 nec
981 2469 1118 2540 sera
1147 2468 1546 2541 redeuntem
1576 2466 1783 2542 noete
1814 2466 2101 2541 videbis·
2361 2486 2507 2553 290

474 2562 813 2663 Treisque
839 2566 1037 2639 illum
1071 2584 1262 2639 totos
1297 2572 1628 2639 moerenti
1668 2562 1952 2663 pe&ore
1980 2564 2195 2654 soieS,

471 2662 576 2737 Et
611 2664 905 2737 totidem
943 2664 1244 2765 trepidas
1277 2662 1498 2737 somni
1534 2662 1677 2736 fine
1699 2684 1987 2736 munere
2017 2660 2319 2755 ηοᾶεὶε,

471 2766 740 2837 Omnia
768 2762 1168 2855 lustrantes,
1219 2760 1467 2861 questu
1495 2762 1731 2834 omnia
1764 2756 2271 2835 confundentes

468 2856 804 2953 Flebitis,
851 2861 1144 2958 indigno
1177 2858 1472 2958 percum
1506 2860 1721 2932 corda
1744 2858 1991 2933 dolore

468 2958 731 3059 Tuque
767 2960 1104 3057 senexque
1129 2976 1312 3029 tuus.
1359 2946 1641 3049 Qarto
1670 2955 1789 3031 sed
1812 2956 2106 3031 Lucifer
2136 2972 2296 3026 ortu
2350 2974 2496 3052 295·

461 3053 860 3153 'Purpureos
899 3054 1200 3129 tremulo
1236 3079 1396 3128 cum
1432 3056 1637 3129 tollet
1664 3057 1751 3129 ab
1894 3078 2063 3127 uore
2095 3052 2369 3147 vultuS,

467 3152 842 3229 Inventum
873 3154 1108 3246 dabit,
1159 3152 1232 3227 δε
1266 3154 1737 3254 quaerentibus
1766 3180 1815 3228 o
1876 3171 2026 3227 eret
2054 3153 2266 3232 ultro.

470 3256 548 3323 Ο
581 3276 744 3351 quas
773 3272 944 3327 tunc
979 3252 1404 3351 lachrymas,
1456 3250 1505 3327 ὃ
1540 3277 1701 3352 quae
1737 3271 1909 3325 tunc
1926 3248 2195 3343 oscula,
2246 3268 2495 3343 mater,

469 3346 676 3440 Qos
703 3351 892 3424 dabis
923 3352 1317 3449 amplexus,
1369 3351 1577 3423 misto
1608 3353 1787 3423 inter
1816 3349 2066 3449 gaudia
2092 3348 2304 3423 fletu:

467 3446 656 3521 Cum
681 3470 914 3525 natum
933 3473 1096 3523 ante
1109 3474 1248 3523 aras
1263 3451 1507 3543 Patri8‚
1524 3450 1597 3522 &
1611 3448 1895 3522 delubra
1907 3446 2245 3521 sedentem
2266 3495 2292 3535 ‚
2350 3465 2490 3541 300

447 3546 1048 3647 ‚Mulcentemque
1077 3548 1257 3621 senes
1283 3547 1483 3621 dietis
1501 3598 1528 3641 ‚
1576 3544 1970 3645 animosque
2004 3546 2393 3623 trahentem

470 3643 824 3743 Adspicies
855 3646 1120 3747 gavisa!
1177 3645 1322 3747 ipso
1355 3644 1733 3721 admirante
1762 3645 2001 3719 senatu

465 3742 812 3821 Primitias
839 3744 1038 3849 pueri
1065 3744 1405 3849 ingentis,
1455 3770 1589 3821 nec
1620 3746 1820 3822 inane
1858 3739 2109 3847 sagacis
2184 3843 2246 3920 P
2284 3841 2351 3918 ἃ
2438 3837 2455 3853 .

2244 3868 2283 3917 e
2356 3860 2491 3914 ons
