2802 4532
10 2423 24 2590 l

10 2773 23 2954 ἓ
116 2926 123 2937 ,

756 476 1092 555 HIER.
1120 412 1590 553 *AMALT
1620 464 1855 555 HE'I.
2013 516 2020 523 ·
2185 498 2326 579 34¹

310 626 501 706 Non
530 648 639 700 me
665 622 983 704 Laetheae
1010 623 1311 720 retinent
1341 620 1596 697 oblivia
1631 624 1846 720 ripae:

312 726 502 797 Non
529 743 843 799 execrata
872 745 985 795 me
1008 722 1275 818 judicat
1313 722 1576 793 AEacus
1607 744 1812 792 urna:
1862 708 1913 755 ‘⁹
1987 750 2023 792 e

314 822 451 895 Sed
478 844 793 921 proceres
832 818 1171 894 stellarum
1214 820 1432 910 inter,
1485 838 1910 917 gentemque
1943 816 2216 896 beatam
2312 907 2327 918 ‚

311 918 445 991 Me
478 922 665 993 Deus
701 918 1039 989 insontem
1086 916 1477 989 coelestibus
1508 916 1746 991 intulit
1777 915 1991 1002 ulnis3
2382 915 2396 929 '

311 1014 435 1091 Sol
463 1018 581 1090 ubi
618 1041 732 1087 me
766 1013 1047 1085 inferior
1076 1012 1303 1087 cursus
1337 1012 1728 1084 moderatur
1745 1036 2077 1110 equorum
2100 1066 2126 1107 ,
2236 1038 2324 1091 10

307 1114 407 1185 Et
451 1118 676 1187 multo
708 1112 991 1183 inferior
1026 1111 1241 1184 flectit
1280 1112 1574 1185 Latonia
1607 1112 1819 1211 bigas,

409 1215 507 1284 At
547 1213 775 1282 divina
810 1232 1113 1307 premam
1150 1213 1458 1307 quamvis
1505 1208 1676 1304 pede
1714 1209 1958 1298 fidem,
2012 1210 2321 1306 quamvis

307 1308 459 1380 Sim
490 1308 741 1405 stiperis
768 1329 1001 1397 curae,
1056 1304 1175 1378 {im
1210 1326 1482 1407 gratum
1517 1306 1780 1401 pondus
1814 1308 2122 1399 Atlanti,

307 1405 389 1477 N
399 1430 480 1476 ec
516 1424 749 1477 tamen
781 1407 1259 1477 immemorem
1296 1407 1432 1477 cari
1470 1428 1577 1475 me
1615 1428 1759 1479 rere
1799 1404 2136 1499 parentis,
2243 1441 2277 1472 ,ι

307 1501 627 1577 Oblitam
662 1526 751 1573 ne
782 1526 924 1573 rere
954 1500 1048 1573 sui
1082 1504 1416 1599 genitoris
1450 1500 1823 1575 Adornam.
2231 1524 2318 1599 ις·

308 1600 757 1696 Supplicibus
792 1622 945 1671 nam
978 1600 1152 1699 saepe
1187 1601 1460 1697 hymnis
1489 1600 1800 1671 radiantis
1834 1596 2132 1695 Olympi

305 1696 592 1795 Regem
626 1720 794 1785 oro,
844 1721 920 1768 ut
954 1698 1239 1793 longum
1276 1696 1556 1769 simulac
1588 1697 1966 1795 expleveris
1997 1720 2267 1790 aevum,

304 1792 409 1865 Et
436 1796 589 1867 {enii
622 1818 813 1880 curas
847 1794 921 1867 ὃ(
954 1798 1200 1868 inertes
1230 1794 1456 1867 oderis
1490 1818 1696 1865 annos
1715 1847 1740 1882 ,

302 1886 561 1983 Liber,
614 1894 687 1966 &
714 1890 761 1983 a*
796 1887 1019 1991 fragili
1056 1894 1221 1967 vitae
1253 1915 1591 1990 compage
1624 1889 1878 1963 solutus

300 1989 628 2062 Concilio
659 1988 971 2063 assuescas
992 2043 1015 2081 ,
1067 1992 1440 2089 divumque
1471 1989 1882 2063 accumbere
1911 1987 2150 2061 mensis
2173 2039 2196 2081 ,
2221 2008 2312 2064 20
2459 1991 2472 2009 ⁸

298 2086 691 2163 Ambrosias
724 2086 837 2159 ubi
874 2088 1049 2163 casta
1081 2091 1285 2189 dapes
1328 2089 1498 2162 mihi
1539 2088 1838 2185 porrigit
1873 2088 2100 2159 Hebe.

301 2176 381 2255 N
388 2211 465 2257 ec
502 2210 706 2284 prece
740 2186 1049 2261 desistam
1074 2238 1099 2279 ,
1149 2190 1371 2259 donec
1403 2185 1602 2257 vultu
1635 2184 1748 2257 ille
1783 2182 2014 2256 sereno
2241 2190 2251 2201 “

298 2287 621 2373 Annuat,
673 2285 747 2358 δί
785 2288 1051 2358 tonitru
1072 2283 1317 2358 firmet
1347 2283 1670 2382 promiffa
1702 2282 2009 2356 corusco·

412 2477 609 2550 AD
709 2452 2196 2559 N.su1›ERANT1um.

913 2671 1211 2759 ‚Patavii
1256 2673 1660 2748 Praetorem.

309 2680 330 2710 n}

444 2887 613 2938 xere
640 2863 999 2938 caeruleam
1037 2864 1340 2978 musqoso
1374 2867 1420 2940 ἐ
1448 2871 1723 2968 gurgite
1755 2868 2092 2961 frontem,

290 2881 421 3050 E
444 2967 836 3064 Euganeam
872 2965 1073 3062 riguo
1098 2989 1235 3134 fqus
1250 2964 1536 3038 flumine
1569 2969 1763 3040 diluis
1801 2991 1992 3040 oram

289 3061 679 3154 Medoace,
732 3063 803 3135 &
846 3063 1067 3158 pofita

290 3161 487 3234 Nam
531 3159 811 3240 fimulac
842 3160 1199 3264 generosus
1231 3163 1370 3234 avis
1403 3164 1844 3260 Superantius
1879 3167 2108 3239 Heros

284 3258 659 3352 Fortunata
690 3259 825 3332 tuis
856 3258 1014 3331 fixit
1046 3257 1329 3358 vestigia
1360 3261 1564 3358 ripis,
1593 3289 1603 3300 ·
2256 3265 2268 3272 “

288 3357 405 3426 Ac
432 3357 627 3426 nitidi
667 3355 841 3428 Solis
886 3356 1193 3430 tenebras
1224 3357 1313 3428 de
1344 3381 1534 3428 more
1567 3355 1878 3456 fugavit,

287 3450 610 3522 Protinus
648 3454 732 3524 ad
765 3456 1025 3526 coelum
1056 3455 1365 3552 querulas
1393 3454 1706 3527 attollere
1731 3477 1944 3528 voces

286 3541 576 3640 Vulgus
596 3597 619 3634 ,
669 3549 743 3620 δι
773 3573 860 3620 ex
894 3552 1109 3638 oculis
1136 3547 1488 3624 effundere
1517 3551 1714 3624 defiit
1743 3551 2016 3626 imbreS.

287 3643 616 3715 Protinus
642 3643 819 3716 alma
848 3649 1069 3720 Ceres·
1086 3649 1356 3746 populis
1385 3649 1712 3744 opulenta
1742 3647 2018 3724 reclusit

1127 3064 1466 3138 ormidine
1500 3067 1727 3138 laetior
1755 3067 1904 3138 exi:

288 3741 610 3836 Horrea,
660 3736 737 3818 &
766 3741 1113 3819 immensas
1140 3745 1383 3844 largita
1411 3746 1512 3817 est
1543 3748 1836 3847 prodiga
1863 3745 2118 3822 meffes.
2191 3766 2283 3816 ro
2418 3820 2427 3831 ,

1369 3841 1444 3917 Υ
1499 3863 1536 3941 3
2139 3839 2294 3936 Ipse
