2802 4532
7 3841 11 3864 f

6 3953 9 3970 ι

830 462 1729 539 CERETJ.
2141 434 2558 571 30⁹,'

262 588 451 685 Non
485 606 717 685 latices
750 607 892 683 illic
910 662 934 703 ,
988 605 1199 681 nitidi·
1225 628 1365 678 non
1394 606 1532 679 uda
1563 604 1894 706 profundi

158 740 167 749 ·
260 710 631 807 Lanigerae
661 708 977 783 turbastis
1006 728 1169 777 oves
1190 756 1214 793 ,
1258 702 1508 779 saltuve
1540 722 1869 805 protenvo

260 806 599 896 Indomiti
633 808 797 905 ripis
838 804 1241 907 insultavere
1264 804 1543 903 juvenci
1567 840 1592 891 ς
1696 862 1724 898 ,
2178 866 2193 881 ,

262 905 449 979 Non
480 906 655 996 fera,
706 927 851 976 non
889 902 1041 973 imis
1088 899 1354 997 serpens
1384 899 1631 975 educta
1662 902 2008 993 cavernis,
2179 908 2277 973 60

270 1000 475 1095 Nec,
526 1021 693 1084 cum
723 1000 788 1075 se
818 999 1031 1097 pastae
1066 998 1369 1073 referunt
1398 1022 1439 1073 e
1469 1018 1710 1073 monte
1741 1002 2048 1098 capellae,

268 1100 467 1199 Saepe
501 1119 736 1177 tamen
769 1098 1085 1195 Dryades
1114 1094 1311 1171 seffos
1350 1098 1706 1179 venatibus
1741 1121 1925 1172 artus

262 1196 493 1275 Fonte
520 1183 753 1272 lavant
772 1250 797 1289 ‚
849 1196 1275 1292 humeroque
1297 1213 1505 1275 ,tenus
1532 1198 1939 1295 contingere
1951 1196 2276 1292 gaudent.

262 1296 441 1384 Quo
458 1297 657 1369 fimul
693 1294 1016 1387 intravit,
1049 1293 1545 1389 trepidantem,
1578 1319 1658 1368 ac
1678 1296 1897 1368 multa
1913 1300 2276 1383 timentem

184 1390 197 1397 ’
260 1394 641 1491 Tergaque
664 1397 807 1493 jam
839 1393 1118 1471 dantem
1152 1389 1328 1463 vidit
1352 1392 1634 1466 Titania
1665 1393 1747 1464 N
1737 1396 2084 1589 AEpham
2108 1448 2138 1487 ‚
2180 1387 2311 1493 65'

264 1488 477 1565 Vidit
496 1541 530 1581 ‚
574 1493 649 1564 δε
680 1490 968 1582 exarfit,
1022 1490 1546 1587 pharetramque
1575 1512 1733 1564 arcu
1855 1516 1894 1564 e
1927 1510 2230 1567 retentos

262 1588 695 1696 Corripuisse
723 1588 971 1661 ferunt.
1020 1592 1121 1661 At
1151 1588 1353 1686 virgo
1390 1589 1666 1661 concita
1699 1590 1894 1663 cursu

264 1685 677 1761 Transvolat
708 1712 859 1761 arva
887 1686 1090 1787 fuga,
1142 1687 1387 1783 rapido
1421 1686 1729 1761 velocior
1761 1688 1990 1783 Euro,

263 1784 527 1857 Donec
554 1784 898 1859 arenosum
937 1785 1136 1860 vitrei
1172 1784 1503 1859 Mellonis
1533 1784 1616 1856 ad
1645 1808 1918 1859 amnem

262 1881 585 1966 Pervenit
604 1917 631 1972 3
672 1884 789 1959 hic
810 1884 1007 1981 junci
1044 1882 1295 1957 steriles
1318 1935 1343 1973 ,
1396 1883 1472 1955 &
1505 1882 1789 1956 candida
1820 1886 2086 1959 circum
2179 1888 2280 1980 70'
2339 1971 2344 1981 .

260 1980 567 2078 Populus
594 1982 675 2055 δε
700 1983 975 2152 Ρὶῗειω
1008 1980 1273 2055 velabat
1309 2004 1524 2055 canna
1553 1981 1868 2078 paludem
1885 2034 1914 2075 ,

259 2079 359 2152 Et
394 2100 554 2155 cum
588 2084 795 2155 carici
846 2106 923 2155 us
958 2080 1130 2155 limo
1163 2078 1354 2179 quod
1388 2082 1610 2153 crevit
1642 2080 1862 2157 acutis

263 2176 493 2249 Molle
526 2178 715 2269 filer,
766 2178 1145 2277 calamique
1180 2180 1395 2269 leve8‚
1451 2179 1770 2276 ulvaeque
1795 2177 2107 2251 virentes,

261 2273 587 2349 Substitit
617 2278 735 2350 hic
768 2279 1191 2374 lacrymam,
1243 2273 1621 2374 sparsosque
1653 2300 1691 2348 a
1724 2275 1951 2350 fronte
1983 2277 2300 2376 capillos·

259 2370 538 2468 Rejicit
568 2377 640 2444 in
672 2392 947 2468 tergum
969 2425 993 2456 ,
1042 2375 1252 2470 pleno
1284 2374 1694 2470 singultibus
1726 2397 1846 2446 ore
2176 2397 2280 2474 75·

260 2465 645 2561 Pauidmo,
695 2471 859 2541 tales
890 2470 1247 2544 effundens
1276 2475 1556 2570 pectore
1585 2495 1828 2548 voces:

364 2563 441 2636 O
471 2567 590 2661 qui
626 2589 741 2638 me
774 2566 1062 2655 fluetus,
1109 2591 1267 2662 quae
1294 2593 1410 2641 me
1445 2591 1629 2642 nunc
1665 2557 2184 2644 ima'dehifcens

263 2659 668 2734 Abscondat
700 2661 939 2753 telluS,
992 2661 1406 2762 penitusque
1427 2667 1498 2738 in
1528 2665 1779 2742 viscera
1809 2667 2132 2766 mergat?

264 2759 643 2832 Coelicolae
680 2759 731 2831 fi
768 2783 901 2855 qua
930 2761 1028 2832 est
1062 2762 1275 2860 pietas
1298 2785 1345 2854 ‚·
1380 2761 1430 2836 fi
1467 2763 1744 2838 conscia·
1765 2769 1911 2839 veri

264 2855 591 2929 Numina
623 2857 941 2953 deceptas
968 2855 1268 2956 speEtant
1304 2861 1444 2936 fine
1473 2862 1702 2936 fraude
1739 2863 2031 2962 puellm,
2179 2863 2278 2956 80‘
2401 2889 2410 2897 ·

259 2948 540 3053 Eripite
568 2957 745 3028 hanc
774 2958 1069 3029 animam
1102 2956 1397 3053 miserae,
1450 2959 1522 3034 &
1555 2959 1860 3059 suprema
1888 2961 2186 3061 roganti⁴

257 3055 561 3128 Munera
588 3055 801 3128 ferte:
854 3076 1059 3156 atquc
1092 3079 1135 3126 o
1169 3041 1460 3132 finissem
1496 3082 1722 3132 morte
1754 3060 2060 3153 dolores,

260 3149 447 3225 Cum
486 3177 634 3226 mea
670 3155 1027 3252 virginitas
1057 3174 1200 3228 erat
1229 3156 1528 3248 illibata,
1579 3157 1872 3230 libenter

262 3248 461 3324 Nam
494 3255 693 3350 potui
728 3271 901 3326 tunc
930 3252 1112 3328 casta
1142 3256 1353 3325 mori:
1408 3253 1674 3352 superos
1704 3275 1932 3329 tamen
1962 3277 2198 3329 omnes

256 3343 515 3424 Infelix
540 3349 791 3440 testor,
843 3369 1091 3424 contra
1122 3373 1271 3424 mea
1305 3370 1468 3424 vota
1501 3351 1838 3449 pudorem
2068 3445 2076 3450 y,
2172 3351 2274 3452 85

148 3497 161 3512 .
260 3443 353 3514 In
380 3461 620 3538 ventos
648 3447 879 3520 abiisse
908 3449 1125 3536 leve8‚
1176 3447 1227 3520 fi
1264 3450 1563 3520 men'tior
1591 3500 1618 3543 ‚
1667 3451 1738 3521 in
1772 3452 1884 3523 me

230 3537 521 3612 ‘Vertat
547 3542 965 3618 inexhaustas
995 3543 1195 3643 agilis
1231 3544 1586 3642 Dictynna
1617 3549 1982 3645 pharetras⁹

366 3635 611 3709 Audiit
640 3639 797 3712 haec
824 3641 1101 3715 Phoebe
1116 3693 1141 3733 ‚
1192 3643 1570 3741 celeresque
1599 3655 1862 3720 morata
1897 3643 2172 3743 sagittas

212 3723 581 3846 ‘'Languit
622 3735 711 3838 ad
740 3740 1084 3842 gemitus,
1130 3737 1496 3841 sparsisque
1527 3744 1601 3818 in
1627 3761 1820 3846 terga
1847 3744 2162 3850 venenis,
2239 3756 2259 3773 ·

1299 3833 1375 3932 V
1437 3859 1473 3935 3
2046 3836 2278 3916 Arbor
