2802 4532
617 409 788 506 Jo.
835 401 1169 483 BAPT.
1218 397 1929 481 AMALTH-m.
2128 421 2279 512 445

265 640 422 718 DE
474 635 910 716 ALUMNI
972 629 1433 706 PIETATE
1502 629 1628 706 IN
1695 627 2285 711 NUTRICEM

581 755 585 759 ’
946 729 1463 806 DEFUNCT
1466 727 1655 802 AM.
1968 811 1977 818 ⁴

377 940 624 1016 ntonso
657 929 777 1010 sub
809 929 1284 1032 colleNapen
1315 931 1691 1008 tumulavit
1716 932 2031 1010 alumnus
2048 988 2075 1027 ,

259 955 359 1127 I
460 1041 560 1112 Et
589 1055 782 1110 canae
819 1028 1144 1130 imposuit
1171 1031 1418 1104 florida
1445 1029 1613 1105 serta
1642 1053 1897 1106 comae.

267 1137 434 1214 Illic
465 1133 623 1209 vina
653 1131 970 1230 frequens
999 1129 1168 1206 libat
1210 1129 1595 1204 sitientibus
1618 1129 1919 1219 umbxiS,

369 1236 604 1330 Atque
636 1229 904 1302 avidam
935 1229 1230 1326 querulis
1261 1229 1521 1300 mulcet
1552 1250 1761 1302 anum
1792 1230 2089 1304 calamis.

265 1329 597 1428 Qoeque
627 1327 756 1402 suis
781 1323 1075 1426 puerum
1110 1325 1192 1401 ad
1223 1347 1429 1400 cunas
1456 1321 1909 1400 concentibus
1938 1327 2137 1402 olim·
2242 1351 2293 1426 5

379 1429 654 1519 Leniit,
707 1426 782 1499 &
815 1424 1037 1525 plenis
1061 1423 1166 1498 lac
1195 1422 1386 1497 dedit
1418 1424 1781 1518 uberibu8‚

273 1527 474 1601 Huic
501 1549 632 1622 pro
659 1521 839 1597 iac’oe
869 1545 1134 1596 merum
1153 1574 1178 1615 ,
1225 1522 1497 1595 blandae
1534 1545 1665 1618 pro
1697 1545 1981 1600 munere
2012 1523 2244 1620 vocis,

373 1623 591 1698 Sibila
619 1621 909 1721 septenis
938 1619 1171 1694 reddit
1209 1619 1676 1695 arundinibus».

368 1815 994 1892 AMYNTAS
1059 1813 1534 1907 UXORI,
1618 1814 1775 1890 ET
1838 1813 2198 1891 FILIO

910 1909 1677 1988 DEFUNCTIS.

467 2111 534 2178 'as
571 2103 941 2204 lacrymas,
991 2098 1288 2176 formosa
1321 2097 1507 2191 Iole,
1558 2099 1689 2174 tibi
1727 2099 1899 2176 libat
1930 2099 2294 2200 Amyntas,

266 2109 452 2289 H
551 2202 764 2277 Libat
797 2202 872 2277 &
903 2204 1023 2273 has
1049 2199 1415 2299 lacrymas,
1468 2199 1758 2277 candide
1782 2222 1981 2295 nate,
2029 2202 2185 2279 tibi.

271 2297 623 2375 Dilectum
652 2300 884 2395 pueri,
935 2297 1254 2371 dilectam
1286 2297 1607 2408 conjugis
1638 2299 1957 2375 umbram

305 2398 312 2403 '
371 2397 604 2467 Trans
636 2398 761 2491 Sty
817 2395 908 2465 ias
933 2392 1243 2487 placidus
1275 2413 1511 2465 navita
1544 2392 1773 2467 vectet
1800 2422 1839 2468 a
1888 2420 2026 2469 uas.

275 2490 490 2565 Neve
520 2492 746 2563 'truces
762 2418 1141 2562 {uriarum
1171 2488 1352 2559 acies
1381 2488 1749 2563 exhorreat
1780 2491 1851 2563 in
1920 2517 1995 2564 ns
2012 2542 2038 2585 ‚
2225 2496 2294 2588 '5

371 2590 704 2663 Materno
735 2586 1014 2661 latitans
1047 2584 1308 2657 haereat
1341 2581 1460 2655 ille
1493 2582 1681 2675 finu'„

399 2725 2167 2851 DECALA1VENANTR

395 2988 484 3038 eu
517 2960 864 3064 trepidum
899 2960 1298 3036 hinnuleum
1318 2956 1553 3035 Calais
1574 2960 1931 3039 venatibus
1956 2982 2204 3065 urget,

273 2984 380 3151 S
486 3062 583 3134 Et
613 3084 784 3160 puer
812 3060 1126 3165 aeikivum
1167 3062 1386 3133 currit
1417 3061 1695 3134 anhelus
1722 3062 1897 3154 iter,

279 3168 417 3240 Seu
450 3178 666 3233 terret
698 3182 985 3233 nemora
1017 3158 1152 3231 alta
1179 3181 1431 3232 canum
1466 3158 1687 3259 longo
1700 3164 1976 3260 agmine
1990 3160 2297 3259 chistus,

285 3258 292 3267 ’
381 3256 828 3356 sectaturque
854 3257 1033 3331 leves
1065 3280 1192 3355 per
1214 3256 1331 3331 sua
1365 3256 1577 3331 lustra
1606 3258 1818 3351 feras,
2286 3273 2293 3281 ‘

284 3354 440 3427 Vos
470 3354 568 3427 illi
600 3352 843 3453 spirate
873 3353 1070 3429 sacris
1109 3352 1150 3427 ὀ
1181 3355 1474 3427 collibus
1508 3380 1731 3447 aurae,
2242 3383 2298 3455 5

384 3450 732 3525 Candidus
763 3454 1006 3527 exusto
1035 3476 1125 3527 ne
1153 3452 1350 3525 cadat
1379 3476 1505 3529 ore
1538 3453 1758 3528 color.
2056 3478 2061 3481 ·

283 3548 386 3625 Et
415 3544 672 3622 deferte
703 3574 909 3653 vagas
986 3552 1128 3623 ueri
1169 3550 1481 3623 venantis
1511 3550 1595 3623 ad
1634 3574 1865 3645 aures,

384 3642 626 3739 Quam
658 3648 897 3724 misero
1001 3646 1163 3723 alais
1190 3650 1681 3751 maceret'ignc
1712 3649 2046 3727 Rhoden.

2018 3784 2089 3858 A
2103 3779 2173 3855 C
2186 3782 2297 3858 0-
