2802 4532
525 435 676 524 44⁶
864 423 1034 522 Jo.
1081 419 1424 500 BAPT.
1474 417 2175 508 AMAL-T-Hm.

835 633 1485 714 AcoN-1s
1584 634 2225 716 DoNUM.

619 823 946 902 ngemere
977 799 1260 874 aesculea
1291 797 1511 872 fueras
1536 797 1797 892 modo,
1845 820 2074 874 turtur
2090 855 2117 894 ‚
2162 802 2249 876 ab
2264 800 2545 900 umbra,

514 817 602 988 Ι
697 893 1032 974 Rusticfis
1065 899 1344 994 urbana:
1373 921 1587 998 quem
1620 897 1740 974 dat
1780 903 1988 980 Acon
2015 901 2340 978 dominae.

517 997 1042 1090 CandidaeviS,
1090 997 1398 1073 dominae
1438 993 1642 1072 roseis
1673 998 1965 1098 dignata
1997 997 2257 1077 labellis

615 1097 944 1196 Excipies
974 1093 1210 1170 dulces
1241 1095 1284 1169 ἐ
1323 1093 1569 1194 patulo
1603 1121 1722 1170 ore
1754 1095 1977 1173 cibos,

511 1200 752 1296 Atque
777 1195 1044 1268 utinam
1085 1193 1236 1293 ipse·
1255 1196 1392 1268 tuis
1424 1192 1719 1269 sublatus
1754 1195 1831 1271 in
1860 1199 2017 1270 abira
2050 1195 2290 1298 pennis
2484 1221 2536 1296 5

610 1293 1011 1370 Adveherer
1041 1313 1360 1371 tenerum
1400 1293 1687 1393 virginis
1718 1292 1791 1368 in
1878 1299 2174 1373 remium
2197 1296 2250 1370 !‘

509 1393 620 1468 Ut
653 1393 1000 1491 quondam
1030 1389 1368 1474 formosus
1398 1393 1555 1464 olor
1582 1389 1814 1467 fallaci
1869 1418 1945 1469 us
1974 1394 2097 1468 alis

600 1491 824 1568 Venit
855 1492 928 1566 in
967 1490 1361 1586 amplexus,
1410 1513 1613 1564 aurea
1645 1489 1913 1587 Laeda,
1958 1511 2145 1570 tuos.

507 1589 764 1664 Saltem
799 1587 1201 1668 interdietos
1230 1613 1360 1687 pro
1387 1613 1674 1664 munere
1707 1589 1947 1665 reddat
1976 1613 2287 1690 amoteS‚

597 1689 848 1788 Teque
875 1705 1080 1786 putet
1109 1690 1416 1788 gemitus
1444 1687 1796 1762 edidicifl‘e
1830 1713 2045 1766 meos,
2436 1709 2535 1764 10

941 1871 1149 1956 AD,
1240 1871 2076 1950 IANTHEN.

689 2029 1187 2134 arciffumque,
1237 2029 1594 2126 rosamque
1624 2029 1755 2104 tibi
1783 2027 2163 2131 decerpffl,
2212 2025 2525 2126 Ianthe,

447 2125 454 2138 '
491 2043 670 2214 N
771 2129 1143 2228 Pul-puteis
1187 2129 1526 2226 Corydon
1556 2126 1726 2204 serta
1758 2123 1979 2200 ferens
2010 2125 2325 2216 calathis·

493 2229 608 2305 Ad
639 2229 864 2329 sepem
901 2249 981 2301 tu
1026 2225 1164 2302 sola
1191 2219 1346 2303 ‘vehi
1373 2223 1805 2325 surgentibus
1828 2223 2065 2320 astris,

592 2328 789 2403 Dum
825 2349 1138 2403 numerat
1170 2326 1415 2400 saturas
1442 2326 1651 2399 a'nxia
1681 2346 1905 2402 mater
1940 2350 2134 2401 oves,

491 2426 569 2505 Si
601 2426 730 2501 tibi
763 2424 862 2499 nil
898 2426 1075 2501 ultra
1109 2427 1405 2529 quaerit,
1453 2422 1690 2517 saltem
1723 2422 1953 2499 oscula
1977 2426 2273 2529 jiinget,
2462 2446 2509 2523 5

583 2524 871 2599 Florum
903 2528 1152 2599 animae
1187 2546 1270 2601 ut
1300 2524 1492 2599 dulci
1522 2522 1757 2625 pastor
1784 2522 1872 2596 ab
1903 2549 2026 2597 ore
2051 2526 2262 2627 legat.

629 2684 1271 2761 ACONIS
1369 2682 2361 2761 ANATHEMA.

603 2870 710 2919 am
746 2848 981 2921 votiva
1016 2842 1192 2917 sacra
1227 2843 1487 2942 pendet
1518 2844 1651 2921 tibi
1685 2842 1909 2917 fistula
1938 2846 2153 2942 pinu,

481 2848 586 3084 J
683 2944 924 3045 Digna
953 2944 1162 3019 etiam
1193 2944 1439 3036 labris,
1488 2944 1637 3019 Pan
1666 2944 2019 3042 Tegeaee,
2070 2944 2203 3017 ταῖς

595 3042 826 3117 Solvit
858 3049 1064 3125 Acon
1095 3043 1206 3117 sua
1235 3061 1446 3135 vota,
1496 3064 1737 3142 graves
1770 3042 1891 3115 ubi
1923 3040 2215 3116 Phllidis
2246 3040 2381 3114 iras

579 3140 858 3217 Molliit
892 3140 1156 3247 argutis
1189 3139 1477 3220 blandus
1510 3164 1745 3217 amans
1774 3142 2075 3219 calamis.

479 3236 702 3327 Quod
736 3264 866 3315 nec
901 3238 1080 3318 flava
1111 3240 1348 3334 colus,
1399 3240 1587 3338 quod
1620 3260 2069 3339 nccpotuere
2096 3237 2423 3334 corollae,
2444 3261 2501 3341 5

577 3332 664 3408 N
665 3360 748 3411 ec
781 3338 927 3415 fixa
955 3338 1244 3443 ingratis
1280 3338 1595 3437 cymbala
1626 3338 1998 3418 liminibus-

476 3428 690 3511 Hanc
703 3460 910 3535 cape:
963 3464 1120 3513 nam
1139 3492 1166 3531 ,
1203 3438 1509 3535 trepidos
1521 3440 1793 3537 quoties
1808 3466 1926 3538 per
1940 3436 2448 3518 amoenavireta

571 3532 944 3633 Insequeris
971 3538 1338 3634 Dryadum
1368 3558 1601 3634 raptus
1626 3564 1860 3613 amore
1888 3539 2184 3634 chorm,

477 3631 554 3713 Si
585 3630 972 3733 perlucenti
1005 3634 1443 3718 modulabere
1475 3633 1664 3711 fibila
1694 3660 1951 3735 canna,

555 3728 908 3851 ,Crudeles
933 3757 1296 3809 nemorum
1323 3732 1537 3809 leniet
1567 3732 1682 3807 ina
1708 3732 1884 3809 deas.
2334 3750 2493 3903 1)ιὲ
