2802 4532
20 3676 26 3793 —-——--
20 3584 26 3669 ψ..-
19 3380 28 3575 ᾐ-γ--Ἷ
20 3254 24 3373 ---
20 3202 28 3245 v-
20 3122 26 3153 ——
20 3090 25 3113 --

480 411 582 486 ‘12
792 387 1657 496 DEPARTU
1754 397 2199 477 VI‘RG.

480 549 597 622 Ac
631 545 683 620 fi
709 550 854 650 jam
893 561 1255 645 comperta
1285 543 1461 618 mihi
1490 542 1657 626 licet
1688 565 1809 618 ore
1846 543 2103 643 profari

477 648 782 720 Omnia:
833 645 1065 720 defeffi
1093 639 1399 742 spectans
1430 643 1797 716 morientia
1828 645 1975 716 nati

477 743 828 840 Lumina,
877 743 1210 818 crudeleis
1241 761 1487 835 terras,
1536 741 1839 814 crudelia
1862 740 2041 818 dicit

477 841 754 935 Sidera:
811 843 1159 917 crudelem
1191 838 1323 914 sese
1341 895 1366 936 ,
1420 838 1609 938 quod
1645 839 1806 912 talia
1838 861 2073 918 cernat
2370 863 2508 944 340

476 939 832 1032 Vulnera,
887 942 1066 1038 saepe
1097 957 1343 1014 vocat:
1399 957 1551 1011 tum
1588 936 1927 1012 lu&isono
1952 939 2217 1016 ululatu

479 1037 758 1112 Cunfflx
791 1041 1098 1136 replens,
1149 1037 1546 1138 fingultanti
1586 1035 1682 1109 {ic
1714 1037 1967 1134 incipit
1998 1063 2162 1112 ore:

475 1136 789 1236 Incipit,
839 1138 916 1212 &
945 1137 1124 1210 duro
1158 1137 1320 1236 figit
1355 1131 1555 1208 simul
1586 1133 1817 1208 oscula
1848 1137 2045 1236 ligno

475 1234 934 1309 Exclamans:
989 1233 1173 1324 Quis
1203 1259 1318 1307 me
1349 1231 1655 1308 miseram
1677 1285 1704 1326 ,
1756 1233 1907 1332 quis
1942 1233 2247 1312 culmine
2263 1257 2464 1312 tanto

476 1331 850 1432 Dechtam
881 1333 1117 1408 subitis
1149 1331 1490 1424 involvit,
1540 1351 1742 1424 nate,
1794 1331 2169 1430 procellis?
2370 1358 2513 1436 345

477 1431 688 1505 Nate
719 1434 926 1539 patris
970 1432 1182 1520 vires,
1229 1428 1499 1526 sanguis
1525 1453 1757 1516 mem,
1810 1431 1993 1503 unde
2021 1453 2307 1534 repente

476 1529 674 1602 Haec
712 1535 852 1601 fera
885 1526 1294 1626 tempestas?
1344 1527 1495 1622 quis
1524 1545 1596 1598 te
1628 1525 1805 1598 mihi
1842 1527 2095 1602 fluetus
2128 1531 2440 1606 ademit?
2519 1605 2533 1614 ,

481 1623 677 1721 Qae
715 1649 954 1699 manus
981 1626 1299 1726 indignos
1329 1623 1626 1699 foedavit
1656 1622 1983 1796 ίέἑιιῗιιίῃε
2014 1627 2299 1700 vultus?

480 1723 628 1798 Cui
655 1741 924 1798 tantum
961 1725 1033 1796 in
1063 1723 1336 1822 superos
1366 1721 1613 1796 licuit?
1800 1747 1841 1796 a
1874 1722 2089 1822 impia
2119 1725 2315 1800 coelo
2368 1735 2375 1746 ⁴

480 1821 670 1910 Quis
686 1821 1098 1920 parat?hunc
1115 1845 1254 1920 ego
1267 1821 1525 1920 te‚post
1542 1843 1650 1896 tot
1668 1821 1845 1896 male
1861 1839 2012 1896 tuta
2032 1822 2293 1898 labores
2308 1871 2334 1915 ,
2372 1840 2513 1921 350

480 1917 788 2030 Postque
823 1941 936 1994 tot
967 1919 1208 1994 infelix
1236 1919 1481 2016 elapsae
1520 1921 1971 2004 incommoda
2002 1942 2171 1994 vitae

479 2016 860 2114 Adspxcio?
909 2039 1074 2092 tune
1107 2018 1222 2092 illa
1249 2036 1392 2092 tuae
1426 2018 1550 2092 lux
1582 2019 1793 2092 unica
1826 2018 2107 2092 matris?

481 2114 700 2188 Tune
733 2118 980 2188 animae
1015 2141 1193 2210 pax,
1245 2117 1320 2189 &
1353 2119 1664 2216 requies,
1713 2115 1983 2214 spesque
1998 2115 2243 2190 ultima
2256 2114 2511 2190 nostrae

481 2213 608 2291 sic
640 2213 937 2312 raperis?
991 2213 1083 2288 fic
1118 2238 1229 2288 me
1255 2213 1467 2289 solam
1486 2268 1512 2309 ‚
1565 2217 1958 2291 exanimem
2014 2237 2103 2290 ue
2134 2213 2511 2316 relinquis?

477 2314 559 2387 Ο
591 2310 832 2387 dolor!
886 2310 1226 2385 exstineto
1253 2314 1400 2413 jam
1432 2334 1505 2389 te
1542 2338 1676 2413 pro
1708 2310 1919 2389 fratre
1994 2338 2269 2408 orores,
2372 2332 2513 2412 355

471 2413 622 2486 Pro
651 2416 824 2483 natis
851 2412 1060 2486 toties
1087 2435 1460 2485 exoravere
1487 2430 1839 2511 parentes:

473 2509 609 2584 Ast
650 2532 790 2609 ego
823 2534 954 2620 pro
981 2531 1188 2602 nate,
1234 2534 1367 2606 pro
1408 2529 1481 2583 te
1514 2511 1981 2608 dominoque,
2032 2512 2303 2607 deoque

476 2606 720 2703 Qem
757 2605 992 2683 misera
1023 2604 1357 2681 exorem?
1406 2632 1548 2704 quo
1578 2608 1799 2681 tristia
1831 2608 2115 2707 pe&ora
2144 2604 2465 2682 vertam?

475 2701 624 2780 Cui
661 2704 948 2803 querar?
995 2732 1044 2779 o
1079 2704 1358 2781 tandem
1389 2706 1567 2781 dirae
1600 2730 1716 2781 me
1750 2708 2024 2805 perdite
2052 2706 2361 2781 dextrae:

469 2806 615 2879 'Me
649 2804 885 2903 potius
921 2804 1002 2898 (si
1039 2828 1174 2902 qua
1202 2804 1302 2877 est
1337 2805 1577 2898 pietas)
1614 2806 2031 2879 immanibus
2065 2807 2269 2879 armis
2372 2809 2513 2903 360

478 2904 831 2979 Obruite:
883 2904 958 2974 in
993 2926 1108 2974 me
1137 2902 1404 2973 omneis
1436 2902 1775 2975 effundite
1820 2902 2118 3001 petitoris
2152 2902 2303 2975 iras.

475 3001 624 3075 Vel
661 3020 740 3073 tu
771 2998 854 3093 (fi
891 3000 1068 3073 tanti
1097 2998 1197 3071 est
1225 3000 1594 3073 hominum
1678 3004 1872 3092 enus)
1898 3002 2086 3100 eripe
2122 3018 2455 3088 matrem,

479 3098 674 3191 Qae
691 3118 892 3197 rogat
905 3148 932 3191 ,
983 3096 1058 3169 &
1077 3096 1356 3195 Stygias
1365 3116 1602 3171 tecum
1622 3024 1761 3171 {uc
1778 3151 1805 3190 ‚
1839 3120 1997 3173 nate
2015 3149 2040 3186 ‚
2064 3094 2187 3169 sub
2207 3094 2503 3170 umbras:

479 3198 522 3272 1
575 3196 638 3271 sa
677 3218 814 3294 ego
845 3216 917 3269 te
949 3220 1074 3293 per
1113 3194 1284 3267 dura
1314 3194 1676 3289 locorum,
1724 3197 2209 3294 inamoenaque
2232 3192 2409 3267 vivis

561 3318 738 3395 egna
769 3292 1021 3391 sequar.
1057 3293 1264 3369 liceat
1301 3314 1740 3394 rumpentem
1757 3318 2037 3369 cernere
2055 3312 2307 3393 portas.
2366 3299 2505 3390 365

479 3394 800 3469 AEratas:
849 3392 1056 3466 liceat
1098 3392 1396 3492 pulchro
1428 3394 1670 3467 sudore
1702 3392 2091 3467 madentem

475 3493 888 3567 Eversorem
939 3490 1150 3564 Erebi
1183 3510 1489 3565 materna
1520 3492 1904 3591 abstergere
1930 3489 2193 3561 dextra.

483 3590 644 3665 Hos
677 3588 830 3680 illa,
881 3588 958 3661 &
1044 3585 1247 3662 luteis
1276 3588 1521 3662 fundet
1550 3590 1637 3665 de
1678 3588 1956 3687 pedion:
1980 3584 2279 3685 questus.

483 3686 710 3787 Qiod
742 3685 954 3765 scelus
1062 3689 1163 3763 nis
1197 3704 1275 3761 ut
1311 3688 1615 3788 primum
1642 3705 1879 3764 cernet
1908 3685 1997 3763 ab
2032 3685 2237 3763 undis
2343 3783 2463 3860 sol

2479 3832 2508 3877 2
