2802 4532
463 336 480 360 ·
596 316 734 419 358
1051 311 1391 389 mna.
1446 258 2151 395 AMALT'HEI.

649 470 672 491 ⁹
755 537 920 615 AD
973 536 1732 639 QABRIELEM
1780 536 2435 625 FLAMMAM

725 716 736 724 ·
1299 726 1534 827 Epire,
1584 726 1907 805 Clodien.

783 954 942 1009 uem
959 928 1088 1007 tibi
1099 932 1493 1007 Romuleus
1508 934 1837 1047 Princeps
1852 937 2239 1011 committit
2252 936 2607 1037 alendum,
2715 968 2718 975 ’

589 946 767 1129 Q
877 1031 1106 1107 Ablue
1139 1032 1535 1128 pollutum,
1584 1034 1873 1109 candide
1890 1034 2235 1127 Flamma,
2286 1058 2603 1141 gregem.
2654 1035 2667 1041 ’

589 1130 854 1205 Ablue:
909 1150 1067 1202 nam
1105 1124 1326 1203 sordes
1363 1130 1645 1207 simulac
1676 1132 2061 1227 deterseris,
2112 1134 2187 1209 δε
2218 1156 2381 1209 cum

685 1226 964 1303 Vellera
993 1226 1364 1301 reddideris
1395 1228 1791 1328 candidiora
1824 1232 2021 1323 nive,

587 1322 717 1411 Illa
746 1344 872 1399 tuo
903 1324 1124 1423 capiti
1158 1324 1445 1401 Sarrano
1480 1331 1743 1401 murice
1778 1330 1997 1429 tingi,
2552 1352 2603 1431 5

685 1426 947 1522 Nuper
975 1423 1320 1499 Aventina
1351 1423 1569 1501 sanxit
1608 1426 1679 1499 in
1712 1450 1869 1527 arce
1906 1426 2099 1505 Pius.

1411 1544 1453 1588 t

637 1648 781 1725 IN
851 1646 1306 1747 EQUUM
1365 1646 2089 1731 GALLORUM
2137 1648 2556 1731 REGIS.

585 1872 749 2041 T
772 1886 854 1957 u,
907 1886 1066 1962 quae
1103 1859 1473 1937 mobilibus
1506 1858 1751 1935 volitas
1784 1884 1907 1959 per
1938 1861 2158 1935 inania
2186 1856 2426 1961 pennis

853 1960 1162 2053 Nubila,
1215 1958 1290 2033 δε
1320 1984 1390 2031 es
1431 1958 1678 2055 rapidis
1709 1963 1906 2030 ocior
1945 1960 2260 2051 alitibuS,

585 2062 662 2133 O
693 2077 950 2153 quanto
983 2059 1125 2131 huc
1168 2052 1331 2130 illuc
1365 2054 1568 2134 solito
1605 2056 1919 2129 velocior
1948 2055 2075 2129 ibis
2089 2108 2125 2151 ,

677 2156 757 2234 Si
794 2160 1028 2257 magni
1059 2154 1399 2247 chrici,
1451 2154 1700 2249 Fama,
1748 2154 2013 2231 veheris
2047 2176 2251 2254 equo.

581 2361 728 2446 AD
761 2363 1215 2443 SILVIUM
1245 2360 2017 2442 PURLILIORUM
2052 2362 2595 2441 COMITEM.

583 2584 888 2756 Cum
913 2573 1122 2650 fixeris
1155 2599 1308 2674 pars
1343 2599 1595 2676 magna
1622 2574 1925 2668 ducum,
1972 2577 2090 2674 qui
2114 2573 2305 2648 clade
2318 2591 2593 2650 croenta

851 2674 1134 2772 Affyriis
1163 2675 1475 2747 tulerunt
1506 2675 1855 2774 puppibus
1884 2675 2175 2747 exitium
2196 2707 2223 2760 3
2673 2681 2684 2686 '

583 2771 646 2844 F
647 2797 798 2845 ama
831 2769 950 2842 suo
985 2773 1224 2870 cycnis
1265 2771 1566 2845 candore
1608 2771 1989 2862 finanum,
2040 2793 2193 2870 quae
2228 2790 2301 2843 te

681 2869 940 2943 Cantat
971 2867 1056 2942 ab
1095 2869 1252 2940 Eoo
1284 2869 1525 2942 littore
1554 2868 1637 2942 ad
1674 2869 2125 2962 Hesperium,

583 2967 736 3044 Has
773 2963 1093 3070 generosa
1119 2964 1248 3037 suis
1275 2987 1527 3064 pennas
1556 2963 1805 3038 evulfit
1833 2966 1918 3039 ab
1948 2969 2073 3041 alis
2092 3021 2117 3062 ,
2548 2987 2587 3068 5

685 3065 884 3156 Qas
965 3063 1126 3136 aleae
1163 3061 1440 3160 infigit,
1492 3064 1743 3142 Martis
1772 3064 2085 3158 alumne,
2129 3085 2297 3146 tuae.

446 3269 458 3283 '
587 3161 857 3261 Accipe
937 3187 1109 3254 ona,
1163 3162 1426 3252 Her-os,
1474 3159 1719 3260 quibus
1760 3161 1927 3236 olim
1966 3165 2175 3240 fretus
2208 3163 2515 3244 Achillen
2663 3176 2674 3191 '

684 3259 1044 3350 Hessoreo
1077 3259 1303 3346 vifior
1340 3257 1665 3368 sanguine
1697 3259 1911 3338 tinxit
1944 3262 2262 3346 humum.

2424 3695 2583 3785 AD
