2802 4532
726 382 1045 461 HIER.
1094 378 1794 457 AMALTHEI.
2114 398 2266 478 337·

236 523 343 609 Et
372 550 563 605 nunc
580 528 837 629 upricae
877 542 1227 625 praerupta
1252 526 1612 598 cacumina
1643 524 1834 619 rupis
1851 574 1878 617 ,

235 633 474 705 Nunc
502 628 650 701 obit
679 623 1017 699 umbrosae
1050 620 1301 693 finuosa
1332 622 1806 699 cubiliavallis
1825 672 1856 716 ,

238 712 549 823 Explei
574 746 653 799 ut
686 708 993 797 calathos
1023 719 1339 817 pubentis
1374 714 1690 817 germine
1715 742 1958 809 terrae,
2041 748 2044 755 ·

242 823 491 923 thue
516 842 735 897 metat
764 820 1010 909 flores,
1058 840 1233 914 quos
1263 819 1334 889 in
1366 820 1714 915 fragrante
1743 818 2002 891 receffu

245 921 371 995 Sol
400 940 723 1021 generat,
772 917 1049 1014 pariunt
1076 936 1299 1007 aurae,
1348 938 1467 987 ver
1495 916 1783 1007 educat,
1833 915 1954 989 udi
2151 912 2248 1010 85

248 1019 509 1091 Noctis
538 1017 735 1091 alunt
766 1037 992 1104 rorte,
1044 1012 1263 1083 oriens
1300 1018 1568 1085 Aurora
1600 1013 1931 1087 recludit:

242 1118 343 1197 Et
374 1140 495 1211 qui
528 1134 856 1209 praeterea
890 1109 1157 1182 rostrati
1189 1108 1355 1181 vafis
1398 1110 1658 1183 inalvo

245 1208 441 1310 Ignis
466 1235 605 1311 ope
636 1212 711 1281 'm
742 1208 1037 1283 medicas
1066 1205 1333 1278 solvant
1362 1206 1472 1279 sua
1501 1207 1754 1281 viscera
1779 1227 2034 1309 guttas,
2174 1265 2182 1275 .

347 1312 451 1382 At
480 1326 560 1381 tu
612 1306 967 1379 textilibus
994 1328 1081 1377 ne
1112 1304 1381 1399 despice
1419 1302 1590 1379 leEta
1623 1310 1944 1379 canistris

243 1406 576 1495 Munera.
628 1403 783 1477 Diis
812 1404 1019 1477 etiam
1054 1401 1246 1475 cordi
1286 1402 1438 1474 sunt
1471 1428 1746 1477 munera
1779 1407 1971 1478 ruris.
2153 1426 2250 1491 90

246 1504 438 1577 Haec
473 1501 735 1576 funesta
764 1498 883 1575 suo
920 1500 1175 1596 pellent
1210 1502 1528 1597 contagia
1557 1502 1804 1595 suem,

252 1603 393 1674 Seu
431 1600 683 1673 caelum
722 1600 989 1673 madida
1018 1600 1313 1695 caligine
1340 1600 1606 1696 polluat
1638 1600 1929 1694 Auster,

250 1698 535 1797 Frigida
569 1696 681 1771 seu
707 1696 969 1770 cladem
1004 1697 1279 1769 Saturni
1310 1697 1500 1767 stella
1533 1698 1855 1771 minetur.

250 1795 495 1889 Qarc
520 1818 651 1893 age
678 1818 753 1869 te
782 1795 971 1873 sacro
1001 1791 1508 1890 quamprimum
1544 1796 1787 1891 prolue
1815 1812 2032 1890 potu,

249 1892 364 1967 Ut
394 1893 669 1967 tandem
699 1892 1045 1967 incolumi
1075 1891 1371 1985 Tyberis
1403 1906 1710 1987 gratatus
1740 1892 2018 1965 alumno
2165 1914 2252 1987 95

247 1991 539 2069 Sidonio
564 1988 819 2067 castam·
852 1991 1091 2089 cingat
1123 1988 1255 2062 tibi
1284 1992 1551 2062 murice
1578 1975 1924 2081 frbntem,

245 2088 459 2163 Unde
496 2090 665 2163 olim
696 2090 1131 2187 ingeminent
1161 2088 1333 2159 altos
1362 2086 1718 2181 Capitolia
1745 2087 2060 2182 plausum!

344 2188 421 2261 O
452 2189 624 2263 mihi
653 2205 809 2261 tum
844 2184 1023 2260 vesci
1054 2184 1258 2257 liceat
1292 2182 1616 2257 vitalibus
1649 2187 1826 2257 auris
1847 2236 1875 2276 ,

245 2283 451 2358 Nam
466 2307 687 2382 neque
700 2307 817 2356 me
834 2287 973 2356 Am
1028 2283 1195 2354 hion
1214 2333 1238 2372 ‚
1290 2305 1420 2354 nec
1441 2307 1556 2364 me
1585 2283 1726 2358 fide
1743 2285 1979 2360 vincet
1999 2281 2258 2360 eburna

240 2378 515 2454 vectus
543 2381 805 2452 curvati
836 2379 929 2452 do
990 2404 1037 2454 o
1064 2377 1401 2475 delphinis
1433 2382 1675 2456 Arion.
2121 2401 2260 2456 τοο

250 2479 405 2552 Hic
444 2475 609 2550 licet
643 2477 945 2548 immites
970 2482 1315 2552 'concentu
1346 2477 1644 2550 mulceat
1687 2502 1921 2574 orcaS,
2257 2507 2272 2518 ·

252 2575 509 2670 Erigat
548 2571 662 2644 ille
696 2568 811 2642 sua
850 2573 1163 2668 quamvis
1194 2571 1534 2646 testudine
1567 2601 1822 2650 muros,
2185 2654 2187 2656 ,

254 2669 484 2751 Nunc
508 2721 534 2761 ,
586 2667 639 2742 fi
670 2667 854 2742 forte
887 2669 1020 2742 tuis
1049 2691 1205 2767 quae
1242 2691 1627 2746 murmurat
1661 2697 1816 2748 aura
1847 2675 2078 2752 viretis

254 2768 601 2842 Attulerit
630 2788 949 2839 numeros
978 2766 1059 2838 ad
1096 2786 1166 2838 te
1200 2765 1542 2842 stridentis
1579 2771 1750 2844 101ae
1768 2824 1796 2872 ,

256 2866 341 2944 N
348 2890 389 2939 e
414 2862 769 2964 pastoralis
800 2861 1023 2940 fastidi
1055 2863 1244 2985 libila
1275 2890 1540 2942 cannae.
2123 2891 2210 2945 10
2217 2889 2266 2967 5

320 3078 486 3158 AD
528 2996 1373 3156 CA'immALEM
1425 3013 2216 3156 TuRNoNUM.

254 3289 423 3456 T
439 3304 479 3352 e
506 3280 743 3356 laetum
761 3333 783 3372 ‚
808 3298 908 3374 te,
922 3305 1171 3382 magne
1188 3284 1385 3357 heros
1406 3334 1431 3375 ‚
1445 3299 1562 3356 tua
1579 3280 1928 3377 Delphica
1943 3279 2205 3358 Laurus
2221 3277 2268 3334 θ

448 3376 854 3453 Incolumen
894 3378 1150 3471 servat,
1200 3383 1393 3478 cujus
1423 3399 1744 3452 vernante
1775 3377 1898 3450 sub
1927 3379 2170 3458 umbra
2257 3466 2272 3474 ‚

260 3471 465 3556 Dum
498 3473 776 3572 reficies,
826 3477 960 3551 tibi
997 3503 1153 3566 rore
1191 3478 1312 3552 suo
1316 3475 1684 3648 {archefia
1717 3475 1935 3574 replet
2065 3575 2156 3652 Al

320 3683 359 3750 Ξ
386 3683 589 3754 :dandis
610 3685 673 3736 a
698 3675 911 3757 ω
931 3688 1340 3756 nasta-timum,
1368 3691 1452 3756 qm·
1479 3693 1652 3749 &nrm
1677 3690 1986 3759 appellabam·
2160 3599 2271 3696 m*
