2802 4532
548 406 713 512 με
916 330 2299 480 ΤΕεΤιΜοΝὶΛ’

538 554 707 647 nis,
724 544 1433 658 vigintiannorum
1466 538 2122 654 limaperpolito·‚
2157 541 2570 632 stlmmum·

538 659 797 748 decus
827 653 1120 748 frustta
1152 649 1630 762 exspestaffe
1664 651 1926 738 videri
2001 653 2214 740 otuit
2233 679 2278 750 ε,
2375 679 2576 741 uum

538 768 699 856 iuae
754 791 942 877 quae
990 763 1267 872 juveni
1318 759 1796 849 exciderant
1833 760 1931 845 Pi
1969 764 2288 850 catotiae
2483 791 2582 848 od

539 903 671 990 gae
687 917 718 977 ‚·
766 874 1102 986 publico
1144 891 1514 982 exceptae
1575 869 1854 982 piausu
1901 871 2410 981 reliquorum
2454 873 2584 958 0-

410 1019 415 1033 ·
650 1011 835 1074 rum
882 981 1180 1073 famam
1231 979 1812 1092 oppresserint:
1885 983 2004 1066 ita
2058 1003 2157 1066 ut
2203 1007 2386 1068 eam
2428 1009 2581 1094 pu-

603 1097 741 1184 lici
790 1110 1201 1204 tamquam
1250 1091 1511 1200 iniqui
1553 1088 1840 1198 judicii
1889 1091 2326 1202 querelam
2360 1117 2582 1200 aper-

544 1223 641 1290 to
672 1229 864 1290 cum
898 1202 1263 1313 pudore,
1320 1225 1478 1284 nec
1513 1219 1788 1284 tamen
1819 1198 1987 1286 fine
2023 1202 2282 1286 tacita
2313 1202 2582 1312 volup-

546 1331 719 1402 tate
752 1313 1212 1398 devoraret.
1265 1305 1507 1396 Vixit
1537 1327 1794 1396 annos
1811 1308 2332 1420 septuaginta
2347 1311 2584 1410 duee,

544 1444 1081 1532 peramoeno,
1130 1421 1599 1530 virentique
1655 1417 1963 1530 semper
2021 1421 2418 1529 ingenie,
2463 1447 2581 1506 ac-

550 1551 1003 1644 curatoque
1056 1529 1145 1615 &
1196 1531 1438 1635 plane
1474 1528 1814 1636 juvenili
1861 1529 2094 1616 cultu
2125 1533 2352 1616 inter
2388 1557 2584 1616 ama-

552 1645 798 1728 torias
850 1639 1472 1728 oblestationes:
1541 1662 1988 1749 numquam
2035 1666 2216 1726 non
2267 1637 2585 1726 festivus

482 1825 497 1852 ,
550 1749 642 1836 &
678 1752 970 1838 hilaris,
1083 1747 1217 1836 Ex
1253 1749 1548 1834 dolore
1582 1769 1856 1835 autem
1892 1747 2400 1860 indignantis
2429 1751 2590 1836 ani-

486 1853 501 1932 ἐ
554 1862 675 1946 mi
722 1862 1187 1972 supremum
1234 1859 1618 1968 concepit
1651 1857 2071 1957 morbum,
2191 1857 2374 1944 uod
2407 1857 2590 1944 Phi.

488 1935 503 2044 Ι
553 1967 891 2058 libertus
945 1971 1393 2056 Aurantius
1441 1967 1642 2060 Dux
1707 1967 2042 2054 Caesaris
2197 1967 2594 2073 ergillinae

486 2049 502 2170 ἶ
556 2081 771 2164 villae
820 2080 983 2166 suae
1032 2079 1400 2174 delicias,
1475 2073 2094 2178 temereexeisa
2149 2091 2386 2158 turre
2445 2074 2589 2160 de-

496 2183 509 2269 ἱ
556 2185 998 2275 formaffet.
1026 2214 1125 2277 ea
1156 2188 1263 2277 ad
1295 2185 1688 2296 Paufilypi
1719 2181 2032 2283 radices
2066 2183 2588 2295 conspicitur.

504 2281 521 2389 ἕ
562 2296 735 2383 Sed
776 2301 1183 2388 Aurantio
1218 2298 1558 2385 demum
1591 2296 1766 2381 acie
1797 2292 2236 2380 intersesto
2258 2353 2286 2392 ‚
2343 2318 2586 2406 quum

506 2406 525 2513 5
561 2404 767 2493 hora
834 2409 1089 2496 fatalis
1150 2408 1574 2495 adveniret
1608 2464 1638 2506 ‚
1675 2404 1992 2491 audito
2037 2402 2214 2511 ejus
2260 2406 2585 2513 interitu

504 2529 523 2621 ξ
563 2515 648 2601 se
702 2517 785 2603 se
836 2521 926 2605 in
963 2520 1329 2605 cubitum
1360 2522 1724 2631 erigens:
1779 2512 2261 2614 Excedam,
2313 2514 2585 2623 inquit,

511 2632 529 2687 '⁴-
566 2630 831 2719 evita
885 2630 1048 2715 hoc
1100 2653 1293 2715 meo
1342 2654 1514 2715 non
1563 2626 1774 2712 inani
1803 2646 2016 2710 voto
2060 2624 2342 2722 laetuS,
2447 2620 2624 2709 osta·

566 2762 813 2845 quam
873 2738 1212 2825 babarus
1265 2734 1690 2825 Musarum
1722 2734 2010 2833 hostis»,
2065 2734 2348 2820 ultore
2557 2784 2587 2809 -

570 2866 663 2931 te
692 2905 719 2943 ,
782 2848 1152 2933 immanis
1218 2848 1532 2955 injuriae
1597 2869 1882 2957 poenas
1932 2843 2356 2955 persolvit.
2461 2841 2588 2925 Se·

571 2958 843 3065 pultus
894 2958 1011 3041 est
1054 2954 1281 3062 juxta
1330 2960 1599 3044 villam
1651 2955 2214 3151 Mergillinam
2265 2957 2350 3041 in
2402 2970 2588 3035 tem-

573 3066 717 3173 plo
765 3064 1143 3177 Deiparae
1194 3066 1522 3179 Virgini
1580 3066 1682 3153 ab
1735 3066 1815 3151 se
1910 3065 2266 3153 edicato.
2373 3060 2636 3176 Mar·-⁶

576 3196 1217 3376 gnoreosautem
1280 3178 1620 3266 tumulo·
1651 3174 2012 3265 Bembus
2055 3174 2224 3283 hoc
2274 3191 2592 3259 carmen

582 3308 669 3370 m
704 3310 878 3397 cup
908 3306 1015 3373 lt:

2401 3714 2568 3807 DA
