2802 4532
750 425 819 510 P
926 420 1012 509 R
1122 418 1233 507 AE
1343 422 1412 509 F
1522 364 2238 520 A²T.1'0.'

448 618 707 707 derati
738 618 1057 731 populi,
1113 634 1248 703 aut
1284 617 1498 702 vivis.
1523 613 2138 731 videntibusque
2159 629 2458 737 templa

440 732 919 843 posuerunt,
976 727 1061 813 δε
1094 726 1418 829 statuas,
1473 726 1631 811 five
1670 730 1877 838 grati
1903 736 2142 819 animi
2165 760 2458 825 monu-

442 863 715 925 menta
754 899 779 936 ,
848 838 1073 949 quod
1140 864 1291 947 pro
1358 836 1840 926 meritorum
1903 846 2459 951 magnitudine

298 1038 309 1049 ,
444 950 621 1035 haec
677 953 787 1033 eis
840 948 1379 1035 existimarent
1437 944 1782 1045 deberi,
1855 944 2014 1033 fiae
2061 952 2308 1039 foedae
2374 984 2459 1041 a-

444 1058 697 1145 dulati
813 1060 874 1145 is
900 1076 1408 1167 argumenta,
1461 1056 1690 1169 quod
1725 1083 2012 1144 eorum
2047 1064 2460 1169 captarent

443 1169 764 1253 benevo
796 1170 1089 1261 entiam
1142 1164 1225 1249 &
1267 1168 1624 1277 gratiam.
1737 1164 2124 1255 Homero
2159 1171 2299 1256 soli
2333 1175 2462 1259 in·

446 1300 571 1364 ter
648 1278 1019 1365 mortales
1071 1278 1404 1383 -ingenii
1463 1275 1836 1372 divinitas
1889 1298 2188 1367 tantam
2245 1285 2456 1392 apud
2594 1279 2607 1292 '

447 1414 725 1474 omnes
788 1386 1152 1473 omnium
1232 1405 1693 1497 temporum
1737 1386 2113 1477 homines
2166 1395 2456 1501 politos

446 1498 1057 1584 admirationem
1121 1498 1497 1603 peperit,
1569 1514 1662 1580 ut
1731 1523 1900 1582 non
1962 1501 2219 1587 modo
2288 1502 2454 1609 ejus

448 1609 736 1715 scripta
823 1628 1198 1715 tanquam
1264 1606 1582 1688 oracula
1636 1609 2014 1715 quaedam
2070 1610 2452 1697 divinitus

448 1718 632 1801 data
666 1716 1286 1825 suspicerentur,
1340 1712 1933 1815 ediscerentur‚
1984 1746 2026 1801 a
2060 1720 2454 1826 legissato-

345 1854 355 1919 ἰ
446 1826 689 1913 ribus'
735 1827 835 1910 ad
904 1822 1391 1909 decidendas
1437 1820 1920 1933 graviffimas
1975 1850 2454 1915 controver-

445 1938 585 2023 sias
620 1936 1221 2030 adhiberentur,
1281 1962 1324 2015 a
1344 1936 1702 2017 maximis
1721 1931 2261 2044 cujuscunque
2281 1940 2452 2022 sec-

445 2066 551 2129 tae
612 2042 1103 2154 Philosophis
1158 2042 1768 2155 illustrarentur,
1824 2040 1962 2125 sed
2019 2066 2108 2125 ut
2153 2045 2226 2125 ei
2259 2068 2450 2131 ante

443 2155 695 2239 multa
759 2152 1017 2235 secula
1082 2172 1413 2237 mortuo
1479 2154 1772 2263 templa
1839 2148 2452 2254 dedicarentur,

397 2264 643 2358 ’arae,
711 2258 1086 2354 flamines,
1113 2319 1139 2358 ,
1214 2260 1667 2347 sacerdotes
1723 2256 2453 2371 constituerentur,

442 2372 531 2456 &
576 2373 1313 2482 tanquam-Numen
1346 2371 1764 2480 quoddam
1799 2397 1962 2456 non
1981 2371 2078 2456 ab
2097 2397 2263 2458 uno
2282 2373 2452 2460 Re·-

384 2557 405 2580 ,
438 2509 593 2592 ge,
649 2481 785 2564 sed
842 2477 1121 2588 paffim
1174 2509 1217 2563 a
1270 2477 1638 2588 Regibus
1674 2483 2082 2576 maximis,
2137 2482 2223 2566 ὅτ
2253 2510 2454 2592 gen-

443 2591 655 2676 tibus
672 2615 839 2673 non
878 2587 1178 2672 babaris
1212 2591 1680 2690 coleretur,·
1719 2591 1946 2703 quod
1963 2615 2252 2692 nemo,
2305 2593 2449 2678 nifi
2535 2653 2542 2659 -

441 2705 600 2810 qui*
643 2698 923 2808 hospes
978 2698 1091 2781 est
1136 2699 1218 2781 in
1254 2725 1528 2784 rerum
1563 2701 2088 2786 humanarum
2137 2726 2449 2787 memo-

441 2807 577 2894 riis
634 2810 975 2918 ignorat.
1084 2805 1452 2900 Socrates
1508 2811 1721 2920 apud
1780 2811 2201 2896 Platonem
2258 2833 2448 2898 cum

443 2922 576 3002 dis
569 2919 897 3024 putaflet
922 2917 1027 2998 de
1044 2937 1309 3000 morte
1326 2977 1351 3012 ,
1409 2918 1768 3028 nihilque
1799 2922 1886 3002 in
1921 2915 2268 3005 illa‘mali
2289 2921 2448 3006 ess'e

440 3026 878 3122 docuisset,
930 3023 1090 3108 five
1117 3023 1543 3109 ..diffolutio
1588 3030 1955 3136 corporis
1991 3026 2232 3128 effer,
2281 3031 2447 3116 five
2511 3093 2518 3102 -

409 3164 549 3236 ‚ex
602 3137 757 3218 hoc
808 3137 894 3218 in
938 3135 1176 3217 alium
1226 3135 1542 3230 locum,
1597 3137 1681 3218 in
1732 3163 1901 3246 quo
1931 3159 2448 3224 mortuorum

311 3240 331 3264 '
446 3239 729 3328 anima}
782 3243 975 3344 fint,
1030 3245 1448 3349 migrati0,
1499 3269 1674 3330 rem
1719 3245 1954 3330 valde
2009 3247 2450 3360 optandam

446 3377 799 3437 mortem
832 3352 985 3440 ess'e
1021 3354 1363 3459 colligit,
1421 3358 1805 3464 quoniam
1837 3375 1971 3440 aut
2005 3359 2292 3443 nullius
2327 3359 2450 3444 rei

446 3463 707 3546 sensus
764 3463 853 3545 fit
900 3461 1281 3559 mortuiS‚
1330 3484 1470 3548 aut
1519 3463 1577 3547 s1
1621 3465 1808 3548 hinc
1849 3465 2450 3576 proficiscantur

447 3570 555 3656 ad
588 3571 1191 3665 manesanimae,
1246 3571 2157 3682 magnifitducendum,
2211 3601 2455 3686 agere

452 3679 538 3767 ὅτε
578 3679 908 3774 versari,
962 3707 1153 3772 cum
1182 3679 1567 3792 Orpheo,
1613 3679 1976 3786 Musaeo,
2025 3683 2454 3786 Homem,

440 3819 495 3842 ··
1809 3851 1813 3856 ,
1939 3806 1946 3814 '
2039 3802 2097 3882 “-
2151 3791 2458 3904 Herio-q

2278 3916 2304 3966 Χ
