<?xml version="1.0" encoding="UTF-8"?>
<!DOCTYPE html PUBLIC "-//W3C//DTD XHTML 1.0 Transitional//EN"
    "http://www.w3.org/TR/xhtml1/DTD/xhtml1-transitional.dtd">
<html xmlns="http://www.w3.org/1999/xhtml" xml:lang="en" lang="en">
 <head>
  <title>
</title>
<meta http-equiv="Content-Type" content="text/html;charset=utf-8" />
  <meta name='ocr-system' content='tesseract 3.04.00' />
  <meta name='ocr-capabilities' content='ocr_page ocr_carea ocr_par ocr_line ocrx_word'/>
</head>
<body>
  <div class='ocr_page' id='page_1' title='image "actiisincerisan00amalgoog_0455.png"; bbox 0 0 2802 4532; ppageno 0'>
   <div class='ocr_carea' id='block_1_1' title="bbox 503 417 2136 535">
    <p class='ocr_par' dir='ltr' id='par_1_1' title="bbox 503 417 2136 535">
     <span class='ocr_line' id='line_1_1' title="bbox 503 417 2136 535; baseline 0.001 -33"><span class='ocrx_word' id='word_1_1' title='bbox 503 435 648 529; x_wconf 72' lang='lat'>43⁶</span> <span class='ocrx_word' id='word_1_2' title='bbox 714 521 732 535; x_wconf 29' lang='lat'>⁸</span> <span class='ocrx_word' id='word_1_3' title='bbox 847 417 2136 518; x_wconf 67' lang='lat' dir='ltr'>50.BA1&gt;T.AMALTHE.1.</span> 
     </span>
    </p>
   </div>
   <div class='ocr_carea' id='block_1_2' title="bbox 1143 641 1943 738">
    <p class='ocr_par' dir='ltr' id='par_1_2' title="bbox 1143 641 1943 738">
     <span class='ocr_line' id='line_1_2' title="bbox 1143 641 1943 738; baseline 0.004 -5"><span class='ocrx_word' id='word_1_4' title='bbox 1143 659 1694 736; x_wconf 78' lang='lat' dir='ltr'>loL.A</span> <span class='ocrx_word' id='word_1_5' title='bbox 1791 641 1943 738; x_wconf 52' lang='lat' dir='ltr'><em>ss</em></span> 
     </span>
    </p>
   </div>
   <div class='ocr_carea' id='block_1_3' title="bbox 456 828 2197 1057">
    <p class='ocr_par' dir='ltr' id='par_1_3' title="bbox 456 828 2197 1057">
     <span class='ocr_line' id='line_1_3' title="bbox 456 828 1939 1046; baseline 0.001 -110"><span class='ocrx_word' id='word_1_6' title='bbox 456 868 462 877; x_wconf 91' lang='grc'><strong>’</strong></span> <span class='ocrx_word' id='word_1_7' title='bbox 507 865 696 1046; x_wconf 83' lang='lat' dir='ltr'>Sic</span> <span class='ocrx_word' id='word_1_8' title='bbox 729 883 801 937; x_wconf 91' lang='lat' dir='ltr'>te</span> <span class='ocrx_word' id='word_1_9' title='bbox 835 860 1115 959; x_wconf 82' lang='lat' dir='ltr'>perenni</span> <span class='ocrx_word' id='word_1_10' title='bbox 1149 857 1332 960; x_wconf 67' lang='lat' dir='ltr'>pista</span> <span class='ocrx_word' id='word_1_11' title='bbox 1365 860 1540 973; x_wconf 78' lang='lat' dir='ltr'>flore</span> <span class='ocrx_word' id='word_1_12' title='bbox 1564 828 1939 977; x_wconf 45' lang='lat' dir='ltr'>gramina}</span> 
     </span>
     <span class='ocr_line' id='line_1_4' title="bbox 637 957 2197 1057; baseline 0.002 -23"><span class='ocrx_word' id='word_1_13' title='bbox 637 965 728 1034; x_wconf 86' lang='lat' dir='ltr'>Et</span> <span class='ocrx_word' id='word_1_14' title='bbox 759 962 1004 1036; x_wconf 79' lang='lat' dir='ltr'>umbra</span> <span class='ocrx_word' id='word_1_15' title='bbox 1028 957 1246 1032; x_wconf 83' lang='lat' dir='ltr'>denfis</span> <span class='ocrx_word' id='word_1_16' title='bbox 1274 959 1618 1057; x_wconf 71' lang='lat' dir='ltr'>explicata</span> <span class='ocrx_word' id='word_1_17' title='bbox 1666 961 2027 1038; x_wconf 75' lang='lat' dir='ltr'>frondibus</span> <span class='ocrx_word' id='word_1_18' title='bbox 2182 961 2197 978; x_wconf 82' lang='lat'><em>‘</em></span> 
     </span>
    </p>
   </div>
   <div class='ocr_carea' id='block_1_4' title="bbox 366 1055 1996 1157">
    <p class='ocr_par' dir='ltr' id='par_1_4' title="bbox 366 1055 1996 1157">
     <span class='ocr_line' id='line_1_5' title="bbox 366 1055 1996 1157; baseline 0.002 -24"><span class='ocrx_word' id='word_1_19' title='bbox 366 1091 374 1100; x_wconf 84' lang='lat'><strong>·</strong></span> <span class='ocrx_word' id='word_1_20' title='bbox 501 1061 825 1151; x_wconf 77' lang='lat' dir='ltr'>Levent,</span> <span class='ocrx_word' id='word_1_21' title='bbox 877 1060 1073 1132; x_wconf 86' lang='lat' dir='ltr'>beate</span> <span class='ocrx_word' id='word_1_22' title='bbox 1116 1055 1386 1157; x_wconf 88' lang='lat' dir='ltr'>pastor,</span> <span class='ocrx_word' id='word_1_23' title='bbox 1440 1077 1521 1132; x_wconf 85' lang='lat' dir='ltr'>ut</span> <span class='ocrx_word' id='word_1_24' title='bbox 1550 1082 1681 1130; x_wconf 87' lang='lat' dir='ltr'>nec</span> <span class='ocrx_word' id='word_1_25' title='bbox 1716 1061 1996 1138; x_wconf 81' lang='lat' dir='ltr'>horrida</span> 
     </span>
    </p>
   </div>
   <div class='ocr_carea' id='block_1_5' title="bbox 502 1154 2529 3879">
    <p class='ocr_par' dir='ltr' id='par_1_5' title="bbox 502 1154 2529 3879">
     <span class='ocr_line' id='line_1_6' title="bbox 505 1154 2063 1254; baseline 0.003 -24"><span class='ocrx_word' id='word_1_26' title='bbox 505 1159 755 1231; x_wconf 80' lang='lat' dir='ltr'>Hiems</span> <span class='ocrx_word' id='word_1_27' title='bbox 786 1157 1154 1230; x_wconf 80' lang='lat' dir='ltr'>virentium</span> <span class='ocrx_word' id='word_1_28' title='bbox 1185 1154 1511 1228; x_wconf 84' lang='lat' dir='ltr'>arborum</span> <span class='ocrx_word' id='word_1_29' title='bbox 1529 1155 1750 1232; x_wconf 32' lang='lat' dir='ltr'>*laedat</span> <span class='ocrx_word' id='word_1_30' title='bbox 1781 1185 2063 1254; x_wconf 77' lang='lat' dir='ltr'>comaS,</span> 
     </span>
     <span class='ocr_line' id='line_1_7' title="bbox 505 1254 2527 1356; baseline -0.001 -28"><span class='ocrx_word' id='word_1_31' title='bbox 505 1257 678 1344; x_wconf 82' lang='lat' dir='ltr'>Nec</span> <span class='ocrx_word' id='word_1_32' title='bbox 707 1276 897 1352; x_wconf 84' lang='lat' dir='ltr'>prata</span> <span class='ocrx_word' id='word_1_33' title='bbox 931 1255 1106 1326; x_wconf 80' lang='lat' dir='ltr'>laetis</span> <span class='ocrx_word' id='word_1_34' title='bbox 1133 1274 1340 1326; x_wconf 85' lang='lat' dir='ltr'>exuat</span> <span class='ocrx_word' id='word_1_35' title='bbox 1367 1254 1762 1328; x_wconf 82' lang='lat' dir='ltr'>coloribus:</span> <span class='ocrx_word' id='word_1_36' title='bbox 2477 1278 2527 1356; x_wconf 80' lang='lat'><em>5</em></span> 
     </span>
     <span class='ocr_line' id='line_1_8' title="bbox 507 1347 2004 1454; baseline 0.004 -29"><span class='ocrx_word' id='word_1_37' title='bbox 507 1353 712 1426; x_wconf 86' lang='lat' dir='ltr'>Prata</span> <span class='ocrx_word' id='word_1_38' title='bbox 746 1353 858 1425; x_wconf 81' lang='lat' dir='ltr'>illa</span> <span class='ocrx_word' id='word_1_39' title='bbox 891 1353 1124 1449; x_wconf 83' lang='lat' dir='ltr'>regnis</span> <span class='ocrx_word' id='word_1_40' title='bbox 1159 1347 1629 1449; x_wconf 70' lang='lat' dir='ltr'>praeferenda,</span> <span class='ocrx_word' id='word_1_41' title='bbox 1681 1379 1839 1454; x_wconf 86' lang='lat' dir='ltr'>quae</span> <span class='ocrx_word' id='word_1_42' title='bbox 1871 1357 2004 1430; x_wconf 87' lang='lat' dir='ltr'>tibi</span> 
     </span>
     <span class='ocr_line' id='line_1_9' title="bbox 507 1449 1842 1550; baseline 0.001 -25"><span class='ocrx_word' id='word_1_43' title='bbox 507 1451 820 1525; x_wconf 86' lang='lat' dir='ltr'>Tantum</span> <span class='ocrx_word' id='word_1_44' title='bbox 858 1451 1102 1550; x_wconf 83' lang='lat' dir='ltr'>quietis</span> <span class='ocrx_word' id='word_1_45' title='bbox 1132 1450 1399 1546; x_wconf 82' lang='lat' dir='ltr'>otiique</span> <span class='ocrx_word' id='word_1_46' title='bbox 1442 1449 1842 1550; x_wconf 84' lang='lat' dir='ltr'>suggerunt.</span> 
     </span>
     <span class='ocr_line' id='line_1_10' title="bbox 583 1547 1946 1664; baseline 0.004 -44"><span class='ocrx_word' id='word_1_47' title='bbox 583 1549 848 1664; x_wconf 57' lang='lat' dir='ltr'>felix,</span> <span class='ocrx_word' id='word_1_48' title='bbox 903 1547 1092 1640; x_wconf 74' lang='lat' dir='ltr'>loia,</span> <span class='ocrx_word' id='word_1_49' title='bbox 1143 1567 1336 1646; x_wconf 79' lang='lat' dir='ltr'>grata</span> <span class='ocrx_word' id='word_1_50' title='bbox 1370 1549 1541 1622; x_wconf 87' lang='lat' dir='ltr'>ruris</span> <span class='ocrx_word' id='word_1_51' title='bbox 1572 1549 1946 1628; x_wconf 82' lang='lat' dir='ltr'>commoda</span> 
     </span>
     <span class='ocr_line' id='line_1_11' title="bbox 508 1639 1815 1744; baseline 0.007 -29"><span class='ocrx_word' id='word_1_52' title='bbox 508 1639 801 1744; x_wconf 82' lang='lat' dir='ltr'>Semper</span> <span class='ocrx_word' id='word_1_53' title='bbox 835 1645 1040 1718; x_wconf 88' lang='lat' dir='ltr'>tueris</span> <span class='ocrx_word' id='word_1_54' title='bbox 1062 1696 1088 1736; x_wconf 87' lang='lat'>,</span> <span class='ocrx_word' id='word_1_55' title='bbox 1129 1652 1249 1723; x_wconf 76' lang='lat' dir='ltr'>seu</span> <span class='ocrx_word' id='word_1_56' title='bbox 1281 1645 1453 1718; x_wconf 89' lang='lat' dir='ltr'>colis</span> <span class='ocrx_word' id='word_1_57' title='bbox 1486 1646 1815 1736; x_wconf 76' lang='lat' dir='ltr'>scatentia</span> 
     </span>
     <span class='ocr_line' id='line_1_12' title="bbox 507 1742 2529 1844; baseline 0.003 -30"><span class='ocrx_word' id='word_1_58' title='bbox 507 1742 756 1814; x_wconf 77' lang='lat' dir='ltr'>Vireta</span> <span class='ocrx_word' id='word_1_59' title='bbox 793 1743 952 1836; x_wconf 80' lang='lat' dir='ltr'>rivis</span> <span class='ocrx_word' id='word_1_60' title='bbox 983 1795 1008 1833; x_wconf 82' lang='lat'>,</span> <span class='ocrx_word' id='word_1_61' title='bbox 1062 1742 1203 1816; x_wconf 89' lang='lat' dir='ltr'>five</span> <span class='ocrx_word' id='word_1_62' title='bbox 1239 1743 1358 1816; x_wconf 90' lang='lat' dir='ltr'>sub</span> <span class='ocrx_word' id='word_1_63' title='bbox 1388 1769 1564 1818; x_wconf 87' lang='lat' dir='ltr'>cavo</span> <span class='ocrx_word' id='word_1_64' title='bbox 1595 1745 1805 1844; x_wconf 86' lang='lat' dir='ltr'>specu</span> <span class='ocrx_word' id='word_1_65' title='bbox 2440 1765 2529 1820; x_wconf 77' lang='grc' dir='ltr'>ιο</span> 
     </span>
     <span class='ocr_line' id='line_1_13' title="bbox 502 1840 1885 1940; baseline 0.001 -25"><span class='ocrx_word' id='word_1_66' title='bbox 502 1840 896 1940; x_wconf 70' lang='grc' dir='ltr'>Ρτο]εᾶυε,</span> <span class='ocrx_word' id='word_1_67' title='bbox 949 1841 1024 1914; x_wconf 69' lang='grc' dir='ltr'>ὃ(</span> <span class='ocrx_word' id='word_1_68' title='bbox 1055 1843 1236 1922; x_wconf 75' lang='lat' dir='ltr'>curis</span> <span class='ocrx_word' id='word_1_69' title='bbox 1275 1842 1533 1916; x_wconf 89' lang='lat' dir='ltr'>solutus</span> <span class='ocrx_word' id='word_1_70' title='bbox 1563 1845 1885 1918; x_wconf 83' lang='lat' dir='ltr'>omnibus</span> 
     </span>
     <span class='ocr_line' id='line_1_14' title="bbox 508 1937 2152 2039; baseline 0.002 -29"><span class='ocrx_word' id='word_1_71' title='bbox 508 1937 759 2030; x_wconf 74' lang='lat' dir='ltr'>CaniS,</span> <span class='ocrx_word' id='word_1_72' title='bbox 805 1939 994 2037; x_wconf 87' lang='lat' dir='ltr'>quod</span> <span class='ocrx_word' id='word_1_73' title='bbox 1031 1939 1168 2036; x_wconf 88' lang='lat' dir='ltr'>ipsa</span> <span class='ocrx_word' id='word_1_74' title='bbox 1197 1940 1463 2014; x_wconf 88' lang='lat' dir='ltr'>circum</span> <span class='ocrx_word' id='word_1_75' title='bbox 1500 1942 1735 2039; x_wconf 84' lang='lat' dir='ltr'>imago</span> <span class='ocrx_word' id='word_1_76' title='bbox 1770 1937 2152 2033; x_wconf 84' lang='lat' dir='ltr'>consonet,</span> 
     </span>
     <span class='ocr_line' id='line_1_15' title="bbox 507 2035 1855 2110; baseline -0.001 0"><span class='ocrx_word' id='word_1_77' title='bbox 507 2037 604 2110; x_wconf 91' lang='lat' dir='ltr'>Et</span> <span class='ocrx_word' id='word_1_78' title='bbox 637 2037 773 2110; x_wconf 84' lang='lat' dir='ltr'>alta</span> <span class='ocrx_word' id='word_1_79' title='bbox 801 2035 1090 2110; x_wconf 75' lang='lat' dir='ltr'>reddant</span> <span class='ocrx_word' id='word_1_80' title='bbox 1119 2039 1465 2110; x_wconf 85' lang='lat' dir='ltr'>montium</span> <span class='ocrx_word' id='word_1_81' title='bbox 1500 2039 1855 2110; x_wconf 84' lang='lat' dir='ltr'>cacumina</span> 
     </span>
     <span class='ocr_line' id='line_1_16' title="bbox 603 2131 2080 2234; baseline 0.003 -30"><span class='ocrx_word' id='word_1_82' title='bbox 603 2132 800 2209; x_wconf 79' lang='lat' dir='ltr'>Felix</span> <span class='ocrx_word' id='word_1_83' title='bbox 839 2135 1029 2227; x_wconf 76' lang='lat' dir='ltr'>loia,</span> <span class='ocrx_word' id='word_1_84' title='bbox 1081 2157 1263 2222; x_wconf 76' lang='lat' dir='ltr'>nunc</span> <span class='ocrx_word' id='word_1_85' title='bbox 1295 2135 1425 2206; x_wconf 88' lang='lat' dir='ltr'>tibi</span> <span class='ocrx_word' id='word_1_86' title='bbox 1462 2131 1614 2205; x_wconf 84' lang='lat' dir='ltr'>fons</span> <span class='ocrx_word' id='word_1_87' title='bbox 1648 2133 2080 2234; x_wconf 60' lang='lat' dir='ltr'>languidum,</span> 
     </span>
     <span class='ocr_line' id='line_1_17' title="bbox 503 2228 2527 2335; baseline 0.002 -28"><span class='ocrx_word' id='word_1_88' title='bbox 503 2228 742 2307; x_wconf 75' lang='lat' dir='ltr'>Affert</span> <span class='ocrx_word' id='word_1_89' title='bbox 773 2229 1088 2330; x_wconf 87' lang='lat' dir='ltr'>soporem</span> <span class='ocrx_word' id='word_1_90' title='bbox 1119 2231 1509 2307; x_wconf 79' lang='lat' dir='ltr'>blandiente</span> <span class='ocrx_word' id='word_1_91' title='bbox 1547 2255 1938 2307; x_wconf 85' lang='lat' dir='ltr'>murmure:</span> <span class='ocrx_word' id='word_1_92' title='bbox 2428 2255 2527 2335; x_wconf 67' lang='grc' dir='ltr'>η·</span> 
     </span>
     <span class='ocr_line' id='line_1_18' title="bbox 505 2327 1989 2421; baseline 0.003 -18"><span class='ocrx_word' id='word_1_93' title='bbox 505 2327 734 2403; x_wconf 89' lang='lat' dir='ltr'>Nunc</span> <span class='ocrx_word' id='word_1_94' title='bbox 769 2331 954 2403; x_wconf 84' lang='lat' dir='ltr'>dulci</span> <span class='ocrx_word' id='word_1_95' title='bbox 982 2355 1217 2405; x_wconf 85' lang='lat' dir='ltr'>amore</span> <span class='ocrx_word' id='word_1_96' title='bbox 1249 2330 1546 2421; x_wconf 77' lang='lat' dir='ltr'>saucius,</span> <span class='ocrx_word' id='word_1_97' title='bbox 1569 2350 1758 2409; x_wconf 76' lang='lat' dir='ltr'>,tuos</span> <span class='ocrx_word' id='word_1_98' title='bbox 1790 2333 1989 2409; x_wconf 80' lang='lat' dir='ltr'>novis</span> 
     </span>
     <span class='ocr_line' id='line_1_19' title="bbox 505 2426 1740 2528; baseline 0.002 -26"><span class='ocrx_word' id='word_1_99' title='bbox 505 2426 764 2502; x_wconf 85' lang='lat' dir='ltr'>Incidis</span> <span class='ocrx_word' id='word_1_100' title='bbox 801 2430 992 2527; x_wconf 88' lang='lat' dir='ltr'>ignes</span> <span class='ocrx_word' id='word_1_101' title='bbox 1023 2429 1338 2528; x_wconf 57' lang='lat' dir='ltr'>populisf</span> <span class='ocrx_word' id='word_1_102' title='bbox 1395 2429 1472 2501; x_wconf 85' lang='lat'>&amp;</span> <span class='ocrx_word' id='word_1_103' title='bbox 1508 2426 1740 2526; x_wconf 86' lang='lat' dir='ltr'>stipite</span> 
     </span>
     <span class='ocr_line' id='line_1_20' title="bbox 505 2522 1919 2604; baseline 0.004 -5"><span class='ocrx_word' id='word_1_104' title='bbox 505 2524 877 2600; x_wconf 84' lang='lat' dir='ltr'>Crescente</span> <span class='ocrx_word' id='word_1_105' title='bbox 901 2528 1170 2600; x_wconf 83' lang='lat' dir='ltr'>dulcior</span> <span class='ocrx_word' id='word_1_106' title='bbox 1201 2527 1398 2600; x_wconf 85' lang='lat' dir='ltr'>fimul</span> <span class='ocrx_word' id='word_1_107' title='bbox 1431 2522 1673 2601; x_wconf 86' lang='lat' dir='ltr'>crescit</span> <span class='ocrx_word' id='word_1_108' title='bbox 1706 2528 1919 2604; x_wconf 76' lang='lat' dir='ltr'>calor.</span> 
     </span>
     <span class='ocr_line' id='line_1_21' title="bbox 503 2622 2062 2725; baseline 0.003 -27"><span class='ocrx_word' id='word_1_109' title='bbox 503 2622 782 2698; x_wconf 88' lang='lat' dir='ltr'>Tecum</span> <span class='ocrx_word' id='word_1_110' title='bbox 813 2626 884 2697; x_wconf 89' lang='lat' dir='ltr'>in</span> <span class='ocrx_word' id='word_1_111' title='bbox 910 2624 1183 2699; x_wconf 54' lang='lat' dir='ltr'>reducta</span> <span class='ocrx_word' id='word_1_112' title='bbox 1213 2625 1389 2699; x_wconf 84' lang='lat' dir='ltr'>valle</span> <span class='ocrx_word' id='word_1_113' title='bbox 1422 2649 1597 2724; x_wconf 85' lang='lat' dir='ltr'>grex</span> <span class='ocrx_word' id='word_1_114' title='bbox 1626 2624 2018 2725; x_wconf 81' lang='lat' dir='ltr'>depascitur</span> <span class='ocrx_word' id='word_1_115' title='bbox 2034 2658 2062 2717; x_wconf 75' lang='lat'>5</span> 
     </span>
     <span class='ocr_line' id='line_1_22' title="bbox 505 2722 2515 2823; baseline 0.001 -28"><span class='ocrx_word' id='word_1_116' title='bbox 505 2722 1004 2823; x_wconf 69' lang='lat' dir='ltr'>Quantumque</span> <span class='ocrx_word' id='word_1_117' title='bbox 1037 2723 1264 2817; x_wconf 86' lang='lat' dir='ltr'>longis</span> <span class='ocrx_word' id='word_1_118' title='bbox 1291 2722 1541 2813; x_wconf 73' lang='lat' dir='ltr'>solibus</span> <span class='ocrx_word' id='word_1_119' title='bbox 1571 2747 1865 2820; x_wconf 79' lang='lat' dir='ltr'>carpunt</span> <span class='ocrx_word' id='word_1_120' title='bbox 1906 2752 2110 2821; x_wconf 81' lang='lat' dir='ltr'>oves,</span> <span class='ocrx_word' id='word_1_121' title='bbox 2422 2744 2515 2797; x_wconf 84' lang='lat'>20</span> 
     </span>
     <span class='ocr_line' id='line_1_23' title="bbox 504 2818 1892 2920; baseline 0 -26"><span class='ocrx_word' id='word_1_122' title='bbox 504 2823 717 2898; x_wconf 88' lang='lat' dir='ltr'>Brevi</span> <span class='ocrx_word' id='word_1_123' title='bbox 747 2820 1034 2920; x_wconf 80' lang='lat' dir='ltr'>resurgit</span> <span class='ocrx_word' id='word_1_124' title='bbox 1061 2818 1293 2893; x_wconf 61' lang='lat' dir='ltr'>nocte.</span> <span class='ocrx_word' id='word_1_125' title='bbox 1343 2824 1581 2893; x_wconf 85' lang='lat' dir='ltr'>tecum</span> <span class='ocrx_word' id='word_1_126' title='bbox 1614 2819 1892 2920; x_wconf 80' lang='lat' dir='ltr'>vespere</span> 
     </span>
     <span class='ocr_line' id='line_1_24' title="bbox 505 2915 1934 3017; baseline -0.001 -22"><span class='ocrx_word' id='word_1_127' title='bbox 505 2922 856 3017; x_wconf 82' lang='lat' dir='ltr'>Surgente</span> <span class='ocrx_word' id='word_1_128' title='bbox 881 2921 1065 2991; x_wconf 88' lang='lat' dir='ltr'>notis</span> <span class='ocrx_word' id='word_1_129' title='bbox 1095 2915 1440 2991; x_wconf 82' lang='lat' dir='ltr'>clauditur</span> <span class='ocrx_word' id='word_1_130' title='bbox 1472 2916 1934 3017; x_wconf 63' lang='lat' dir='ltr'>praesepibus:</span> 
     </span>
     <span class='ocr_line' id='line_1_25' title="bbox 505 3014 1990 3117; baseline 0.001 -25"><span class='ocrx_word' id='word_1_131' title='bbox 505 3016 855 3116; x_wconf 82' lang='lat' dir='ltr'>Astrisque</span> <span class='ocrx_word' id='word_1_132' title='bbox 873 3020 1018 3114; x_wconf 88' lang='lat' dir='ltr'>jam</span> <span class='ocrx_word' id='word_1_133' title='bbox 1056 3014 1499 3109; x_wconf 74' lang='lat' dir='ltr'>cadentibu8‚</span> <span class='ocrx_word' id='word_1_134' title='bbox 1550 3040 1713 3089; x_wconf 89' lang='lat' dir='ltr'>cum</span> <span class='ocrx_word' id='word_1_135' title='bbox 1745 3018 1990 3117; x_wconf 84' lang='lat' dir='ltr'>pascua</span> 
     </span>
     <span class='ocr_line' id='line_1_26' title="bbox 505 3112 1957 3213; baseline 0 -22"><span class='ocrx_word' id='word_1_136' title='bbox 505 3116 744 3191; x_wconf 90' lang='lat' dir='ltr'>Lento</span> <span class='ocrx_word' id='word_1_137' title='bbox 771 3112 1161 3187; x_wconf 87' lang='lat' dir='ltr'>madescunt</span> <span class='ocrx_word' id='word_1_138' title='bbox 1196 3138 1390 3207; x_wconf 84' lang='lat' dir='ltr'>rore,</span> <span class='ocrx_word' id='word_1_139' title='bbox 1443 3112 1709 3212; x_wconf 76' lang='lat' dir='ltr'>prosilit</span> <span class='ocrx_word' id='word_1_140' title='bbox 1748 3140 1957 3213; x_wconf 84' lang='lat' dir='ltr'>pecus</span> 
     </span>
     <span class='ocr_line' id='line_1_27' title="bbox 505 3210 2521 3312; baseline -0.002 -24"><span class='ocrx_word' id='word_1_141' title='bbox 505 3212 770 3288; x_wconf 87' lang='lat' dir='ltr'>Molles</span> <span class='ocrx_word' id='word_1_142' title='bbox 801 3213 884 3287; x_wconf 85' lang='lat' dir='ltr'>ad</span> <span class='ocrx_word' id='word_1_143' title='bbox 920 3210 1178 3287; x_wconf 85' lang='lat' dir='ltr'>herbas.</span> <span class='ocrx_word' id='word_1_144' title='bbox 1229 3210 1344 3286; x_wconf 85' lang='lat' dir='ltr'>hic</span> <span class='ocrx_word' id='word_1_145' title='bbox 1371 3212 1501 3286; x_wconf 91' lang='lat' dir='ltr'>tibi</span> <span class='ocrx_word' id='word_1_146' title='bbox 1536 3232 1705 3286; x_wconf 90' lang='lat' dir='ltr'>tunc</span> <span class='ocrx_word' id='word_1_147' title='bbox 1738 3212 1979 3293; x_wconf 84' lang='lat' dir='ltr'>alitum</span> <span class='ocrx_word' id='word_1_148' title='bbox 2418 3232 2521 3312; x_wconf 79' lang='lat'>25&#39;</span> 
     </span>
     <span class='ocr_line' id='line_1_28' title="bbox 508 3310 1860 3407; baseline 0.004 -26"><span class='ocrx_word' id='word_1_149' title='bbox 508 3310 1054 3407; x_wconf 82' lang='lat' dir='ltr'>Congratulatur</span> <span class='ocrx_word' id='word_1_150' title='bbox 1087 3331 1347 3385; x_wconf 81' lang='lat' dir='ltr'>cantus.</span> <span class='ocrx_word' id='word_1_151' title='bbox 1395 3310 1513 3383; x_wconf 88' lang='lat' dir='ltr'>hic</span> <span class='ocrx_word' id='word_1_152' title='bbox 1546 3310 1860 3387; x_wconf 88' lang='lat' dir='ltr'>felicibus</span> 
     </span>
     <span class='ocr_line' id='line_1_29' title="bbox 507 3406 1857 3507; baseline 0.004 -26"><span class='ocrx_word' id='word_1_153' title='bbox 507 3406 826 3503; x_wconf 81' lang='lat' dir='ltr'>Adspirat</span> <span class='ocrx_word' id='word_1_154' title='bbox 857 3414 1031 3484; x_wconf 82' lang='lat' dir='ltr'>auris</span> <span class='ocrx_word' id='word_1_155' title='bbox 1063 3409 1459 3507; x_wconf 82' lang='lat' dir='ltr'>obstrepens</span> <span class='ocrx_word' id='word_1_156' title='bbox 1490 3410 1857 3486; x_wconf 84' lang='lat' dir='ltr'>Favonius.</span> 
     </span>
     <span class='ocr_line' id='line_1_30' title="bbox 509 3504 1757 3609; baseline 0 -30"><span class='ocrx_word' id='word_1_157' title='bbox 509 3504 614 3579; x_wconf 85' lang='lat' dir='ltr'>At</span> <span class='ocrx_word' id='word_1_158' title='bbox 651 3522 728 3575; x_wconf 90' lang='lat' dir='ltr'>tu</span> <span class='ocrx_word' id='word_1_159' title='bbox 765 3504 963 3581; x_wconf 85' lang='lat' dir='ltr'>beate</span> <span class='ocrx_word' id='word_1_160' title='bbox 991 3505 1256 3609; x_wconf 78' lang='lat' dir='ltr'>pastor,</span> <span class='ocrx_word' id='word_1_161' title='bbox 1308 3506 1439 3579; x_wconf 89' lang='lat' dir='ltr'>isto</span> <span class='ocrx_word' id='word_1_162' title='bbox 1474 3530 1757 3581; x_wconf 84' lang='lat' dir='ltr'>munere</span> 
     </span>
     <span class='ocr_line' id='line_1_31' title="bbox 507 3600 1905 3697; baseline 0.005 -20"><span class='ocrx_word' id='word_1_163' title='bbox 507 3600 657 3677; x_wconf 89' lang='lat' dir='ltr'>Diu</span> <span class='ocrx_word' id='word_1_164' title='bbox 691 3600 952 3697; x_wconf 83' lang='lat' dir='ltr'>fruare,</span> <span class='ocrx_word' id='word_1_165' title='bbox 1005 3630 1136 3680; x_wconf 90' lang='lat' dir='ltr'>nec</span> <span class='ocrx_word' id='word_1_166' title='bbox 1163 3628 1447 3697; x_wconf 86' lang='lat' dir='ltr'>nemus,</span> <span class='ocrx_word' id='word_1_167' title='bbox 1493 3629 1622 3678; x_wconf 89' lang='lat' dir='ltr'>nec</span> <span class='ocrx_word' id='word_1_168' title='bbox 1658 3606 1905 3684; x_wconf 79' lang='lat' dir='ltr'>florida</span> 
     </span>
     <span class='ocr_line' id='line_1_32' title="bbox 507 3696 2519 3879; baseline 0.006 -105"><span class='ocrx_word' id='word_1_169' title='bbox 507 3696 849 3776; x_wconf 78' lang='lat' dir='ltr'>Offendat</span> <span class='ocrx_word' id='word_1_170' title='bbox 871 3726 1030 3782; x_wconf 79' lang='lat' dir='ltr'>arva</span> <span class='ocrx_word' id='word_1_171' title='bbox 1065 3704 1281 3802; x_wconf 76' lang='lat' dir='ltr'>frigus</span> <span class='ocrx_word' id='word_1_172' title='bbox 1306 3726 1505 3799; x_wconf 77' lang='lat' dir='ltr'>acre,</span> <span class='ocrx_word' id='word_1_173' title='bbox 1550 3700 1663 3780; x_wconf 89' lang='lat' dir='ltr'>sed</span> <span class='ocrx_word' id='word_1_174' title='bbox 1703 3706 1835 3785; x_wconf 86' lang='lat' dir='ltr'>tibi</span> <span class='ocrx_word' id='word_1_175' title='bbox 2210 3800 2317 3879; x_wconf 80' lang='lat' dir='ltr'>AE</span> <span class='ocrx_word' id='word_1_176' title='bbox 2424 3720 2519 3797; x_wconf 84' lang='lat'>30</span> 
     </span>
     <span class='ocr_line' id='line_1_33' title="bbox 2318 3812 2514 3873; baseline 0.005 -1"><span class='ocrx_word' id='word_1_177' title='bbox 2318 3812 2514 3873; x_wconf 86' lang='lat' dir='ltr'>terno</span> 
     </span>
    </p>
   </div>
  </div>
 </body>
</html>
