2802 4532
482 483 637 581 Qi
670 478 1111 555 colludebant
1139 480 1373 555 vicino
1405 482 1484 553 in
1511 481 1784 572 littore,
1815 482 2072 579 „piscem

484 582 655 657 Ne'c
688 604 923 675 mora,
974 576 1344 651 mobilibus
1374 576 1644 666 caudis,
1690 578 1994 679 rictuque
2021 582 2288 683 supino

418 714 423 723 ·
486 678 803 777 Virginis
833 678 916 750 ad
948 700 1269 749 numeros
1298 676 1506 749 celeri
1539 699 1781 749 venete
1809 682 2078 775 nitatu,
2433 692 2531 756 ιθ

478 778 587 858 Et
618 778 852 851 bibula
886 774 1117 849 dulces
1148 772 1510 847 hauserunt
1541 796 1702 847 aure
1781 776 2049 851 uei-elas.

582 874 883 965 Interea,
936 874 1054 970 qui
1088 872 1265 948 forte
1293 895 1570 945 comam
1604 800 1930 945 tongebat
1958 877 2239 970 anethi,

484 972 812 1045 Paeonius
850 970 1146 1067 Lycidas
1170 1022 1195 1061 .,
1246 995 1385 1067 quo
1423 994 1565 1043 non
1597 972 2026 1067 praestantior
2051 974 2226 1047 aiter

486 1070 781 1166 Decipit
810 1070 1087 1235 irriguis
1111 1068 1451 1141 Achelo‘ia
1485 1066 1788 1140 monstra
1817 1068 1938 1146 sub
1971 1071 2172 1145 undis
2191 1104 2225 1159 ς

486 1166 925 1265 squammosa
988 1166 1280 1260 pecudes
1309 1187 1388 1239 ut
1421 1167 1720 1263 primum
1751 1164 1992 1239 littore
2021 1169 2106 1244 ab
2133 1170 2296 1247 alto
2435 1190 2530 1267 ις’

488 1267 855 1337 Attonitos
884 1262 1058 1349 vidit
1092 1264 1314 1363 fixisse
1348 1265 1421 1334 in
1452 1264 1717 1362 virgine
1752 1262 2024 1357 vultus,
2269 1266 2276 1284 '

480 1361 808 1437 Protinus
835 1363 1123 1433 incautis
1158 1360 1333 1433 soliti
1366 1386 1507 1434 non
1537 1364 1906 1433 immemor
1935 1362 2112 1437 astus

482 1460 759 1533 Texuit
788 1456 1095 1547 infidias3
1146 1457 1556 1552 onerosaque
1585 1456 1752 1529 retia
1782 1458 2076 1553 plumbo
2162 1456 2178 1471 ⁶

482 1558 805 1631 Circuitu
844 1558 1103 1656 ingenti
1140 1556 1351 1627 latum
1385 1551 1713 1625 diffundit
1745 1554 1813 1624 in
1846 1582 2158 1631 amnem:

464 1656 670 1731 Mox
698 1659 945 1728 iterum
982 1653 1067 1725 ad
1100 1650 1225 1725 sese
1252 1650 1514 1727 fallacia
1541 1652 1676 1723 lina
1711 1653 2036 1727 reducens
2181 1670 2202 1695 ⁶
2423 1679 2524 1732 ιο

480 1753 775 1825 Exeruit
804 1752 1143 1830 salientem
1182 1748 1320 1822 udo
1355 1748 1439 1820 de
1461 1772 1742 1820 carcere
1777 1752 2077 1846 praedam
2101 1786 2127 1839 3

476 1848 715 1942 Qam
734 1850 916 1931 ,nulli
951 1847 1186 1938 casses,
1236 1871 1438 1944 quam
1477 1846 1658 1919 nulla
1687 1848 1995 1920 incendia
2032 1870 2348 1945 terrent,

480 1946 561 2020 N
572 1974 661 2017 on
694 1949 953 2043 ingrata
982 1964 1122 2015 tuae
1160 1943 1370 2027 modo
1400 1942 1532 2013 fint
1563 1942 1673 2015 sua
1707 1941 1954 2017 viscera
1985 1945 2251 2015 mensae.

576 2047 841 2137 Magne
868 2042 1107 2125 Erice,
1156 2040 1482 2133 exiguum
1517 2062 1761 2109 munus
1795 2063 1878 2109 ne
1897 2038 2195 2135 despice:
2219 2099 2233 2114 .
2253 2064 2432 2115 nam
2457 2042 2520 2117 fi

475 2137 776 2219 Piscibus
810 2136 1029 2205 ornari
1062 2134 1351 2230 geminis
1386 2132 1710 2229 dignatur
1742 2137 2134 2234 Olympus,
2407 2164 2514 2241 25

480 2234 649 2308 Nec
682 2252 803 2307 tua
834 2250 1277 2306 contemnant
1306 2234 1619 2330 geminos
1651 2235 1970 2308 convivia
1995 2235 2229 2335 pisces.

574 2431 733 2504 AD
788 2425 1472 2522 A‚UsT1NUM
1523 2429 2400 2522 BARBADICUM.

619 2624 870 2699 orfitan
904 2624 1125 2723 ignoti
1168 2621 1434 2698 Musam
1473 2623 1808 2699 mirabere
1837 2627 2009 2698 vatis
2383 2677 2390 2683 -

474 2639 597 2807 F
620 2723 729 2796 Ad
765 2743 834 2794 te
866 2722 1039 2834 ferre
1057 2727 1342 2819 graduS‚
1396 2746 1600 2817 quem
1621 2721 1806 2795 mille
1821 2720 2106 2822 negocia
2122 2742 2492 2821 torquent,

477 2821 686 2892 Mille
704 2843 1025 2916 premunt
1043 2845 1226 2892 curae
1248 2871 1269 2909 ‚
1320 2822 1484 2892 dum
1503 2844 1639 2892 non
1655 2823 1883 2893 minor
1904 2823 2204 2896 Hercule
2223 2845 2491 2920 magno

477 2915 798 2990 Monstra
830 2918 1101 3008 domas,
1160 2913 1473 3013 urbisque
1504 2937 1646 2988 tuae
1665 2904 1784 2990 sub
1817 2919 2002 2990 mole
2029 2919 2318 2993 laboras.

476 3017 581 3087 At
614 3011 932 3110 generose
966 3013 1196 3084 Heros
1224 3015 1450 3084 mirari
1479 3011 1743 3106 define,
1793 3038 2083 3113 namque
2428 3035 2484 3108 s
2571 3067 2583 3076 -

478 3111 659 3184 Non
695 3111 885 3194 illurn
922 3109 1248 3202 ambitio,
1297 3133 1438 3182 non
1478 3111 1698 3208 gloria
1725 3133 1930 3188 vexat
1961 3113 2217 3201 inanis;

480 3207 835 3280 Natorum
874 3206 980 3279 sed
1022 3207 1240 3280 dulcis
1280 3230 1508 3295 amor,
1559 3212 1677 3304 qui
1712 3209 1984 3284 Ηεᾶετε
2014 3232 2290 3314 tygte8‚

476 3302 628 3395 QJi
660 3308 844 3400 potis
883 3305 982 3378 est
1016 3307 1139 3376 iras
1167 3306 1371 3378 etiam
1407 3305 1710 3380 mulcere
1738 3307 2038 3382 leonum.

358 3420 361 3428 ’
474 3403 589 3484 Ad
621 3426 769 3474 mea
800 3425 953 3474 nam
984 3403 1138 3474 deni
1172 3401 1463 3474 resident
1489 3406 1808 3476 convivia
1835 3408 2014 3497 nati,

412 3570 421 3580 ,
472 3498 709 3572 Altera
729 3504 882 3597 ‘pars
912 3523 1207 3596 quorum
1241 3499 1472 3574 studiis
1507 3493 1772 3574 addicta
1798 3505 2146 3578 Minervae
2385 3520 2472 3573 ιο

475 3593 763 3680 Nititur
788 3598 1092 3683 occultas
1124 3621 1349 3674 rerum
1378 3597 1792 3700 cognoscere
1820 3601 2074 3697 causaS,
2227 3697 2457 3772 Altera
