2802 4532
625 429 1996 548 DEDICATIO.

329 596 760 702 ornanda
859 599 1246 731 Magyri
1339 593 2289 828 ῗρίηοωοίοςίωω,

319 767 372 832 a
399 729 996 837 Broukhufio
1041 730 1358 831 Adver
1401 736 1803 837 ariorum
1844 733 2063 832 loco
2119 729 2299 830 ha-

315 869 624 974 bitum
665 953 694 998 ‚
792 868 1053 1008 quod
1143 867 1392 1005 apud
1450 899 1545 968 te
1592 869 1744 970 est
1804 907 1916 970 ex
1972 873 2299 1010 legato

317 1011 1014 1152 Hoogstrat-ani
1041 1087 1074 1134 ,
1137 1005 1443 1111 ufibus
1482 1016 1711 1106 meis
1754 1007 2303 1148 concessisti)

314 1159 587 1260 Aestii
699 1153 1049 1250 Sinceri
1119 1153 1663 1246 Sannazarii
1708 1223 1739 1271 ‚
1847 1144 2307 1252 Gabriens

283 1291 698 1412 ‘Altilii,
761 1284 1176 1389 Danielis
1213 1292 1533 1387 Cereti
1579 1364 1608 1409 ‚
1684 1290 2321 1422 Hieronymi,

311 1433 723 1556 Joannis
793 1422 1216 1562 Baptistae
1257 1503 1286 1550 ‚
1365 1437 1457 1538 δι
1532 1423 2037 1548 Cornelii,
2133 1415 2375 1522 fra-²*

319 1595 586 1676 trum
693 1561 1419 1668 Amaltheorum
1478 1643 1509 1689 ‚
1622 1567 1989 1668 Vatum
2086 1559 2311 1662 infi-

329 1712 702 1844 gnium,
737 1709 1033 1808 Vates
1060 1705 1727 1840 elegantissime
1759 1782 1786 1827 ,
1814 1703 2243 1841 reliquias
2265 1779 2299 1826 ,

333 1859 464 1967 &‚
497 1843 879 1984 quando
922 1841 1248 1940 oculos
1291 1849 1739 1977 conjicies
1761 1918 1792 1964 ‚
1818 1875 2049 1978 quos
2074 1875 2311 1939 con·-

329 1987 592 2118 jicies
727 1977 1190 2118 saepiffime
1251 2059 1282 2105 ‚
1413 1983 1515 2078 in
1626 1977 2327 2082 observationes

339 2117 1081 2220 Broukhufianas
1157 2195 1188 2241 ‚
1305 2123 1995 2220 sannazariano
2109 2145 2315 2215 tex-

343 2257 469 2356 nii
550 2254 996 2395 subje&as
1044 2335 1075 2383 ‚
1188 2251 1500 2356 subeat
1568 2265 1669 2357 in
1758 2245 2315 2357 memoriam

350 2404 661 2498 eximii
725 2400 968 2496 illius
1056 2403 1234 2494 viti
1310 2404 1672 2495 animus
1734 2402 1873 2528 iq?
1927 2424 2018 2494 te
2086 2394 2319 2493 adeo

351 2532 914 2670 propensus,
982 2566 1088 2632 ut
1145 2534 1445 2631 nullus
1528 2510 1939 2633 dubiffe'tii
1988 2613 2017 2659 ,
2111 2530 2177 2631 fi
2239 2541 2323 2633 i-

345 2669 512 2811 pse
551 2668 986 2809 superstes
1027 2667 1242 2769 effet
1267 2749 1296 2795 ‚
1370 2698 1464 2770 te
1487 2672 2014 2811 digniorem
2040 2686 2130 2772 &
2157 2706 2316 2771 ac·-

343 2816 869 2947 ceptiorem
931 2806 1050 2907 ab
1101 2808 1268 2906 illo
1315 2820 1784 2911 neminem
1827 2817 2323 2911 inventum

337 2954 513 3073 iri,
614 2958 764 3050 cui
832 2946 1037 3069 haec
1130 2948 1803 3053 dedicarentur.
1950 2954 2055 3048 Si'
2100 2948 2325 3085 quid

336 3118 654 3187 autem
721 3118 776 3187 a
834 3116 924 3188 te
987 3088 1357 3224 publice
1445 3127 1609 3226 per
1692 3126 1847 3187 me
1907 3094 2099 3224 peti
2168 3086 2333 3189 de·

341 3256 608 3349 ceat,
679 3226 808 3327 est
852 3306 880 3352 ‚
952 3257 1051 3323 ut
1114 3228 1328 3327 edas
1428 3238 1863 3329 Marcum
1944 3224 2328 3327 Antho-

343 3372 612 3463 nium
680 3368 1242 3465 Flaminium
1341 3397 1605 3465 tuum
1668 3446 1699 3492 ‚
1816 3362 2327 3465 leffisfimis

351 3499 1142 3609 observationibus
1199 3536 1641 3608 ornatum
1682 3586 1717 3636 ,
1789 3534 1893 3605 ut
1930 3505 2325 3606 tandem

2126 3641 2325 3743 edi·
2442 3745 2457 3757 ,
