2802 4532
392 539 431 559 δ
838 529 845 538 ,
916 441 1003 534 V
1160 443 1195 528 1
1322 441 1448 528 ·T
1605 439 1748 532 A.'
2135 469 2290 549 509

244 617 473 696 ,rant
504 664 527 706 ‚
594 625 869 686 amore
934 596 1408 708 captus’est.
1515 591 1732 680 Haec
1786 593 1924 680 fibi
1957 595 2302 704 Joannae'
2349 699 2356 708 ,

288 714 785 807 voluntatem
856 706 1191 817 pudoris
1253 733 1351 789 ac
1426 703 1840 789 modestiae
1899 705 2292 814 fignifica-

292 819 511 906 tione
542 848 709 932 prae
738 819 1031 902 cete-ris
1066 815 1654 912 conciliaveran
1759 813 1954 900 Non
1994 837 2289 920 tamen,

288 949 375 1014 ut
412 931 689 1038 saepius
723 927 858 1026 fit,
914 925 1159 1011 foedis
1176 922 1908 1048 perturbationibus
1941 925 2295 1032 agitaba-

288 1057 419 1124 tur
474 1043 1087 1130 SANNAzAmus,
1142 1057 1458 1120 aetatem
1517 1034 1730 1118 illa-m
1771 1057 1921 1133 lam
1959 1058 2292 1142 praeter-

286 1146 633 1270 grefluS,
686 1169 872 1257 quae
895 1145 1240 1229 maxime
1272 1141 1696 1228 libidinum
1735 1143 2078 1251 imperio
2113 1144 2292 1232 sub-

279 1254 492 1362 jecta
556 1253 671 1338 est
702 1313 729 1354 ,
796 1275 876 1338 at
946 1275 1315 1338 veterum
1368 1253 1970 1338 Platonicorum
2023 1278 2252 1340 more
2268 1308 2308 1359 ,ι

289 1363 690 1448 occultam
738 1365 980 1448 animi
1034 1361 1718 1474 pulchritudinem
1773 1387 1876 1445 ex
1929 1370 2302 1474 corporis-

290 1469 685 1581 dignitate
718 1472 1195 1582 conjiciens,
1250 1473 1334 1555 in
1374 1473 1547 1578 ejus
1577 1468 2075 1580 potiffirnum
2103 1501 2301 1563 con-

269 1582 815 1692 templatione
878 1585 1171 1666 mentis
1236 1582 1520 1664 oculos
1587 1578 2017 1688 defigebat.
2142 1581 2302 1696 lgi-

296 1711 431 1774 tur
484 1693 707 1776 omni
749 1687 1155 1776 dictorum
1202 1685 1598 1774 fastorum
1663 1715 1764 1771 ue
1795 1693 2302 1800 turpitudine

292 1802 581 1904 procul
630 1803 893 1885 'amota
917 1853 946 1898 ,
998 1825 1089 1882 ea
1141 1818 1594 1884 tantummo
1655 1825 1710 1879 o
1755 1803 2040 1909 puellae
2091 1830 2302 1914 prae.

288 1905 537 1993 stabat
588 1907 911 2010 officia,
966 1910 1484 2022 quae-virtuti
1519 1907 1714 1995 nihil
1749 1907 2086 1996 officere
2120 1916 2302 2022 pos-

289 2017 370 2102 se
440 2022 937 2108 viderentur.
1048 2020 1223 2105 Nec
1292 2018 1581 2104 rivales
1653 2019 1986 2104 moleste
2043 2027 2296 2127 tulit,

212 2130 225 2142 “
288 2149 535 2236 quum
586 2135 805 2218 enirn
864 2129 1240 2218 Alfonsus
1277 2127 1721 2228 Casu-iota,
1769 2129 1894 2216 vir
1925 2134 2309 2242 primaria·

284 2238 699 2326 nobilitate
720 2293 746 2333 ‚
794 2241 1094 2323 eodem
1129 2260 1503 2347 tempore
1535 2238 2049 2329 Cassandram
2083 2273 2300 2334 ama-

284 2366 454 2455 ret,
508 2344 589 2425 &
642 2364 735 2427 ut
782 2346 1085 2427 firmius
1137 2348 1422 2451 puellae
1455 2354 1812 2429 animum
1848 2348 1988 2433 fibi
2021 2354 2300 2461 adjun-

346 2474 520 2534 eret
553 2510 581 2546 ,
646 2452 1049 2559 pollicitus
1109 2454 1185 2531 ei
1241 2450 1435 2533 effet
1465 2507 1494 2543 ‚
1565 2454 1644 2533 se
1691 2454 1898 2536 illam
1950 2462 2298 2553 >uxorem

350 2556 719 2646 ufiffurum
741 2614 768 2655 ,
841 2556 1256 2665 ipsumque
1310 2556 1572 2663 postea
1620 2562 1978 2666 promiffi
2032 2576 2299 2674 poeni..

288 2666 615 2763 tuifletg
690 2690 969 2751 omnes
1044 2686 1335 2748 nervos
1384 2665 1812 2751 contendit
1873 2668 2298 2759 SANNAzA-

286 2806 516 2874 tuus,
590 2796 679 2862 ut
732 2774 972 2861 LEO
1022 2778 1135 2867 X.
1184 2774 1571 2859 Pontifex
1620 2773 2074 2877 Maximus,
2131 2809 2300 2869 ma.

284 2888 755 2971 trimonium
812 2906 1073 2971 ratum
1119 2882 1452 2970 haberet
1473 2944 1500 2985 ,
1553 2908 1831 2998 neque
1877 2890 2333 2989 Alfonsum,

275 2998 740 3107 juramento
787 2996 1171 3094 solveret,
1228 2992 1568 3103 ususque
1595 2996 1682 3080 in
1725 3020 1828 3081 eo
1873 3001 1990 3083 est
2021 3002 2313 3088 aucto*

284 3110 525 3191 ritate
595 3104 831 3188 Petri·
890 3102 1181 3189 Bembi
1216 3164 1243 3203 ‚
1312 3108 1458 3213 qui
1529 3126 1704 3191 tum
1761 3106 2138 3199 Pontifici
2196 3114 2312 3201 ab
2455 3174 2460 3181 -

286 3217 651 3329 epistolis
674 3233 873 3299 erat.
976 3213 1114 3298 sed
1164 3238 1418 3326 quum
1465 3214 1574 3299 ob
1629 3218 1954 3303 nimiam
2007 3222 2315 3309 adver-·

283 3322 669 3441 sag-iorum
740 3323 1185 3437 potentiam
1216 3382 1241 3421 ‚
1312 3344 1585 3432 optata
1644 3327 2076 3431 impetrare
2123 3360 2316 3424 non·

284 3430 701 3544 potuiss'et,
752 3436 1153 3543 iniquiore
1175 3436 1271 3516 ‘in
1291 3431 1690 3519 Leonem
1719 3435 1987 3521 animo
2025 3442 2312 3547 postea·

290 3542 475 3630 fuit.
598 3540 1325 3655 Quemadmodum
1409 3569 1612 3629 vero
1689 3545 1786 3629 iis
1860 3544 2145 3636 iratum
2169 3553 2296 3641 fise

285 3646 631 3767 prebuit
644 3706 673 3755 ‚
722 3672 1071 3763 quorum
1104 3651 1428 3749 consilia
1461 3652 1548 3741 δε
1577 3678 1846 3743 mores
1859 3659 2314 3769 plurimum:

308 3796 319 3811 ·
2249 3798 2294 3859 a
