2802 4532
708 382 1958 538 ,Τειέ-τιΜοΝιΛτ
2163 457 2396 569 Μ.

368 606 535 694 uod
564 609 741 698 ⁴alio
786 611 873 695 in
920 611 1113 693 loco
1170 606 1592 692 communi
1657 603 2044 712 opinione
2074 671 2100 714 ,
2174 635 2326 719 pu-

368 717 581 804 endo
632 743 913 805 errore
964 735 1385 827 receptum
1445 729 1666 810 erat,
1717 717 2064 804 navitam
2101 717 2324 806 hunc
2401 781 2406 788 ·

307 825 641 914 Poetam
695 823 969 914 fuiffe:
1020 825 1249 938 quod
1306 823 1644 935 quidem
1677 823 1788 906 ita
1817 821 1972 908 fuit
2003 828 2088 912 in
2117 855 2317 916 con.

300 933 541 1038 feffo,
590 956 684 1021 ut
732 939 821 1020 in
866 932 1036 1044 ejus
1088 935 1281 1018 vitae
1316 933 1918 1018 commentariis
1954 935 2317 1050 plerique

293 1043 383 1131 id
434 1073 589 1156 pro
630 1065 859 1132 certo
898 1043 1229 1154 posteris
1262 1043 1586 1127 tradere
1624 1067 1792 1125 non
1827 1039 2316 1148 dubitarint,

295 1173 393 1239 ut
461 1155 717 1238 altero
764 1155 1159 1240 verfi'culo
1215 1149 1576 1237 constare
1633 1149 2120 1237 videbatur:
2189 1157 2314 1240 Et

291 1265 663 1376 quamvis
713 1266 1001 1347 navita
1053 1262 1281 1345 dives
1331 1287 1548 1354 eram
1564 1287 1594 1336 .·
1649 1286 1819 1370 quo
1871 1263 2316 1374 imperitius

292 1373 465 1456 dici
510 1373 879 1483 profecto
922 1371 1125 1459 nihil
1174 1372 1494 1481 potuit,
1545 1392 1799 1481 quum
1850 1395 2117 1481 neque
2149 1376 2313 1464 hoc

292 1481 625 1590 usquam
672 1486 1037 1596 gotium
1092 1479 1498 1577 tradatur,
1553 1498 1644 1564 ut
1692 1482 2312 1592 elegantiffimus

293 1586 553 1702 Poeta
586 1593 671 1678 ὅτ
706 1589 1334 1696 honestiffimuS,
1386 1593 1579 1676 vitae
1607 1613 1860 1699 genus
1881 1613 2308 1701 poetarum

188 1753 199 1776 ι
292 1697 569 1786 studiis
616 1701 1017 1812 piaculare
1051 1699 1139 1784 δε
1284 1698 2094 1798 rtentosum,-nautae
2130 1731 2310 1792 mu-

284 1833 439 1894 nus
489 1812 1076 1921 concupiverit.
1232 1811 1295 1892 ‘t
1326 1811 1686 1919 portenti
1715 1837 1810 1895 ac
1848 1813 2191 1924 prodigii
2212 1817 2306 1901 fi-

276 1920 675 2020 miie‘est,
715 1921 903 2006 'haec
934 1919 1512 2006 commento-iu
1551 1921 1749 2004 tanti
1785 1922 2085 2028 ingenii
2121 1927 2306 2012 viro

285 2030 615 2138 opinari.
726 2030 891 2116 Sed
942 2031 1191 2141 quod
1256 2057 1303 2115 a
1370 2053 1574 2113 vero
1647 2031 1980 2116 minime
2029 2032 2244 2120 abest
2273 2095 2304 2137 ,

281 2141 671 2226 mendum
715 2144 955 2226 etiam
992 2141 1257 2234 inhoc
1277 2139 1668 2228 versiculo
1685 2139 1962 2242 facile,
2013 2145 2302 2256 inquit,

280 2245 813 2331 ostendimus:
890 2250 1280 2357 siquidem
1338 2251 1482 2336 ubi
1539 2250 1960 2360 legebatur
2011 2280 2300 2365 perpe·

275 2366 449 2441 ram
484 2382 507 2436 :
585 2354 981 2470 Quamvis
1028 2358 1317 2435 navita
1366 2356 1598 2435 dives
1653 2384 1870 2439 φησι
1887 2392 1916 2438 .·
1971 2388 2118 2447 non
2167 2369 2296 2449 ita

276 2461 509 2544 dives
556 2485 811 2555 eram,
867 2460 1313 2542 dicendum
1358 2460 1542 2540 fuit.
1653 2460 1925 2569 Hujus
1955 2464 2293 2583 quoque'

276 2571 399 2655 rei
460 2567 678 2655 haud
738 2565 1267 2676 improbabile
1318 2563 1907 2653 documentum
1969 2580 2293 2685 videri,

274 2680 505 2789 quod
549 2677 933 2787 Jovianus
968 2675 1381 2761 Pomanus
1419 2676 1546 2759 vir
1594 2674 1868 2789 multae
1900 2686 2295 2771 eruditio-

266 2790 391 2873 nis
424 2846 449 2883 ‚
514 2782 1057 2896 antiquiflimo
1110 2782 1477 2869 firmabat
1529 2782 2034 2888 testimonio,
2091 2793 2292 2878 Pro·

266 2900 513 3007 pertii
544 2896 865 3005 Elegias
900 2914 1220 3005 patrum
1256 2892 1708 2979 nostrorum
1743 2913 1980 2979 aetate
2001 2957 2028 2996 ,
2083 2900 2171 2983 δι
2204 2902 2286 2988 se

264 3006 867 3093 adolescentulo
932 3008 1282 3114 primum
1362 3006 1450 3087 in
1517 3005 1817 3089 lucemf
1847 3008 2227 3116 prodiiffe
2257 3064 2288 3114 ,

264 3140 520 3305 ssuum
586 3137 819 3203 antea
872 3115 1179 3199 inscitia
1234 3136 1696 3219 temporum
1750 3118 2284 3227 incompertae

304 3247 541 3313 orent
592 3226 677 3311 δε
718 3226 1197 3332 incognitoe:
1257 3223 1617 3335 opusque
1646 3222 2161 3314 obliteratum
2195 3236 2284 3321 ἃς

267 3332 727 3442 longiffimo
761 3360 940 3419 aevo
978 3334 1426 3419 absumtum
1448 3393 1475 3430 ‚
1527 3332 1864 3418 corrofis
1903 3335 1988 3419 <Sc
2011 3338 2280 3429 laben·

268 3436 477 3523 tibus
528 3446 773 3532 literis
822 3441 907 3527 in
954 3446 1149 3527 cella
1208 3444 1502 3527 vinaria
1549 3443 1692 3527 sub
1729 3442 1964 3528 doliis
1991 3448 2272 3537 iuven-

268 3550 935 3659 tumapparuiffe,
974 3554 1058 3636 δι
1081 3577 1331 3662 quum
1355 3552 2049 3653 libellivetustate‚
2090 3586 2272 3647 ver-

266 3653 389 3745 bis
424 3654 511 3741 &
538 3662 989 3749 nominibus
1024 3660 1395 3749 absumtis
1425 3662 1675 3772 longo
1709 3662 1959 3753 fitu&
1997 3668 2268 3771 senio,

2038 3782 2264 3887 quod
