2802 4532
82 413 89 442 Ι

597 429 610 442 ·
725 405 814 481 N
1005 393 1084 474 O
1283 399 1360 474 T
1556 399 1685 474 AE.
2075 427 2219 504 595

85 579 94 588 ’
131 671 144 689 .
203 593 440 663 Gabriel
477 585 776 678 Annius,
819 589 1166 674 Episcopus
1213 569 1681 674 Poly-castrensis
1723 611 1796 656 ac
1834 592 1932 656 111.
1976 593 2215 674 Pginci-

325 682 436 761 ⁴pis
495 677 806 760 Campani
861 680 936 740 ab
977 673 1030 736 E
1077 673 1267 738 {stolis
1311 673 1612 742 Chariteo
1653 675 1859 738 amico
1902 678 2048 742 cha-

933 757 995 846 ri
1035 775 1204 837 11110,
1246 755 1312 822 S.
1355 754 1451 823 D.

264 937 468 1014 Legisti
511 945 578 998 ut
618 953 728 1012 ego
757 935 987 998 arbitror
1023 933 1419 1008 Βρομουσιονθων
1444 945 1793 1008 κακογοφιον,
1833 943 1943 1008 ειη
1974 939 2105 1002 ἀιιήι
2134 945 2213 1005 ias

191 1016 390 1078 ceffere
407 1031 524 1074 non
555 1013 844 1084 defluunt,
883 1017 1236 1074 concitarunt
1263 1014 1550 1088 lenitatem
1585 1013 1732 1074 illam
1752 1014 1981 1092 Synceri
2008 1022 2210 1094 nostri,

191 1091 796 1166 mnsstetiffimumque
843 1091 1095 1150 animuin
1130 1131 1148 1156 ,
1199 1089 1407 1148 scilicet
1440 1089 1587 1150 male
1630 1091 1772 1152 faeta
1816 1105 1879 1154 ut
1918 1095 2212 1158 noscerent

190 1167 318 1235 sna;
359 1169 420 1226 ὅτ
462 1167 588 1226 sane
619 1171 742 1244 quis
779 1185 896 1226 non
932 1168 1184 1242 Lampos
1219 1165 1346 1224 istos
1385 1165 1688 1238 Ismeni03,
1728 1183 1794 1228 ac
1825 1187 2013 1230 novos
2041 1171 2215 1232 Lucia-

188 1241 296 1304 }ios
319 1244 702 1314 abominetur,
742 1245 944 1313 oderit,
980 1243 1386 1311 stomachetur,
1428 1245 1522 1319 qui
1544 1286 1563 1312 ‚
1604 1259 1872 1321 tanquam
1902 1248 2113 1323 Appuli
2131 1250 2214 1308 A·

82 1323 84 1370 ἰ
187 1320 344 1379 ranei
389 1337 424 1380 e
455 1323 603 1380 cavis
643 1333 948 1381 venenatos
979 1321 1270 1396 porrigunt
1298 1320 1557 1388 aculeos,
1596 1319 1995 1400 summiffisque
2023 1325 2213 1396 barba·

81 1447 101 1504 Ι·

179 1397 314 1456 tulis
337 1395 695 1478 quibusdam,
735 1397 832 1474 ipfi
864 1397 1092 1472 quidem
1123 1397 1298 1466 latent
1324 1409 1378 1456 at
1422 1411 1493 1454 ue
1524 1395 1899 1470 diffimulann,
1930 1400 1990 1458 δε
2018 1414 2214 1463 tamen

175 1473 256 1532 ita
323 1473 653 1534 diffimulant
697 1487 760 1534 ut
802 1474 1056 1534 noscitari
1102 1473 1366 1548 cupiant;
1424 1472 1741 1551 audentque
1782 1491 1853 1534 ex
1898 1488 2011 1534 tarn
2053 1491 2215 1552 petu-

171 1549 325 1609 lanti
379 1553 440 1609 &
493 1551 689 1625 inepto
746 1549 1112 1626 maledicendi
1161 1565 1370 1624 genere
1426 1550 1731 1626 improbius
1770 1564 2117 1632 aucupentur
2147 1571 2216 1616 ac

175 1626 536 1690 mendicent.
613 1626 722 1689 Sed
763 1625 836 1689 fic
871 1627 986 1697 est,
1025 1627 1438 1710 mi'Charitee,

380 1817 660 1872 Naturam
695 1809 918 1888 expellas
944 1813 1110 1887 spurca
1148 1825 1332 1870 tamen
1371 1807 1533 1890 usque
1572 1809 1811 1873 recurrit.

1253 1911 1285 1941 Ω

178 1963 418 2040 peffima
443 1963 666 2038 ingenia
696 1963 805 2022 sese
833 1961 1192 2040 undiquaque
1217 1959 1320 2022 suo
1351 1963 1563 2024 indicio
1581 2005 1597 2034 ,
1676 1961 1789 2024 uafi
1810 1979 1995 2029 mures
2024 1961 2048 2038 ζ
2063 1973 2122 2024 ut
2148 1962 2212 2024 il-

173 2041 233 2102 le
263 2041 444 2110 dixit)
472 2040 718 2115 produnt
741 2077 758 2108 ,
798 2039 890 2103 sed
904 2050 1162 2114 captent,
1207 2056 1378 2114 quam
1403 2037 1624 2116 poffunt
1668 2041 1869 2100 audem
1896 2082 1915 2111 ,
1946 2043 2217 2102 modone

170 2117 355 2178 ullam
407 2118 666 2192 capiant,
702 2131 769 2175 ac
817 2117 1004 2192 potius
1057 2115 1270 2175 ridiculi
1323 2114 1445 2175 fint.
1480 2117 1635 2193 atqui
1679 2115 1879 2178 dixeris
1918 2130 2215 2178 tantumne

171 2193 522 2255 Academiae
555 2191 758 2252 nostrae
784 2206 978 2256 vacat.
1020 2204 1084 2250 ut
1121 2191 1193 2250 de
1234 2193 1319 2252 his
1343 2191 1527 2254 sermo
1558 2192 1657 2262 fit,
1688 2196 1781 2266 &,
1825 2207 1886 2254 ut
1922 2195 2063 2255 olim
2094 2195 2217 2256 Pla·

172 2281 248 2333 to
294 2270 368 2329 ad
411 2265 790 2341 Dionyfium,
831 2282 899 2323 an
942 2284 1060 2325 non
1097 2263 1216 2323 satis
1259 2282 1374 2327 erat
1408 2268 1509 2327 suo
1548 2270 1689 2343 ipsos
1730 2272 2211 2340 venend'confici,

82 2408 84 2417 ,
173 2351 246 2408 &
295 2342 491 2404 alienis
528 2342 690 2399 bonis
723 2340 1040 2400 invidentes
1073 2340 1403 2399 intabescere
1430 2342 1713 2403 Timones
1736 2347 1905 2405 istos?
1948 2350 2123 2409 Rec‘ie
2153 2348 2214 2411 id

175 2420 428 2503 quidem
447 2459 463 2485 ,
503 2416 592 2475 sed
623 2416 765 2475 nosti
792 2417 940 2490 vulgi
967 2432 1186 2501 mor-es,
1222 2414 1803 2503 saepetaciturnitatem
1836 2424 1893 2480 in
1926 2426 2213 2487 conscien·

171 2504 335 2561 tiam
382 2502 624 2553 vertunt.
662 2506 812 2549 nunc
853 2492 922 2549 ad
976 2490 1202 2548 Aetium
1229 2492 1400 2549 redeo
1422 2534 1441 2559 ,
1481 2504 1646 2551 mitto
1674 2494 1745 2553 ad
1778 2508 1837 2555 te
1869 2514 1996 2557 cum
2024 2514 2213 2561 tanto-

158 2570 335 2653 ‘pere
380 2566 678 2643 efflagites,
731 2582 862 2641 quae
901 2565 993 2626 ille
1027 2567 1084 2623 in
1122 2566 1228 2627 hos
1273 2566 1557 2643 Cyclopas
1594 2568 1709 2639 (fic
1754 2573 1902 2629 enir'n
1944 2576 2064 2635 illos
2114 2595 2212 2651 ap·

171 2648 403 2731 pellat)
462 2644 652 2703 videns
699 2660 875 2718 nuper
927 2638 1337 2717 responderit„
1372 2660 1595 2702 carmen
1641 2660 1735 2701 me
1781 2646 2005 2705 hercule
2050 2667 2217 2709 exac-

167 2744 316 2791 tum
343 2764 362 2792 ,
400 2720 658 2797 fimplex,
697 2719 994 2793 candidum
1033 2760 1054 2789 ,
1103 2717 1371 2797 quodque
1414 2738 1529 2777 non
1576 2722 1759 2779 minus
1796 2723 2025 2797 priscam
2060 2726 2214 2787 illam

103 2810 114 2819 “
170 2800 542 2867 venustatem
579 2798 1054 2873 elegantiamque,
1092 2812 1260 2871 quam
1285 2796 1531 2871 optimos
1558 2797 1617 2857 &
1662 2800 2047 2873 integerrimos
2081 2807 2215 2861 auc·

161 2880 334 2946 toris
379 2890 598 2941 mores,
636 2872 1124 2948 nitidiffimamque
1163 2874 1340 2932 animi
1375 2858 1775 2943 fincerisster'n,
1812 2888 1924 2950 prae·
1960 2876 2014 2935 se
2056 2880 2215 2941 ferat.

167 2959 294 3021 Dii
339 2954 474 3011 boni
511 2966 682 3026 quam
725 2950 875 3008 recle
898 2948 1362 3023 Philosophorum
1389 2950 1549 3009 facile
1578 2952 1830 3025 prince'ps
1865 2954 2212 3027 Aristoteles,

83 3036 85 3039 ⁴
167 3036 290 3115 qui
359 3026 605 3089 sordidos
651 3026 848 3087 Poetas
895 3026 961 3087 ab
995 3026 1248 3101 ingenuis
1282 3022 1394 3085 hoc
1436 3026 1652 3085 differre
1692 3039 1844 3101 putat
1874 3068 1893 3096 ,
1939 3030 2093 3104 quod
2134 3034 2213 3093 illi
2305 3057 2310 3066 ’

165 3107 540 3176 maledicant
578 3104 826 3179 semper,
863 3104 922 3162 hi
961 3115 1098 3163 vero
1146 3102 1204 3161 ὅτ
1235 3102 1495 3165 Deorum
1528 3104 1587 3161 &
1624 3104 1880 3163 Heroum
1903 3104 2089 3165 laudes
2117 3124 2211 3169 ca·

161 3202 371 3258 nant,
406 3196 614 3259 atque,
647 3196 706 3239 ut
741 3181 888 3241 haud
921 3178 1146 3239 Aelium
1179 3178 1425 3239 nostruin
1462 3182 1605 3239 inter
1642 3180 1964 3253 posteriores
2004 3200 2207 3257 ponas,
2260 3194 2270 3200 '

163 3266 324 3326 vide
377 3261 608 3319 obsecro
644 3254 777 3315 dum
822 3256 1186 3317 contumelias
1223 3268 1540 3335 retorquet,
1594 3272 1759 3333 quam
1807 3260 2119 3319 verecunde
2151 3281 2211 3322 a·

166 3344 266 3417 git
286 3382 308 3408 ‚
349 3334 816 3415 jam-erubescere
851 3332 1024 3409 ipsum
1053 3348 1278 3395 carmen
1301 3330 1499 3393 dixeris
1518 3374 1537 3402 ,
1578 3332 1634 3391 &
1661 3333 1840 3392 invito
1860 3335 2097 3395 domino
2112 3356 2211 3412 pa-

171 3432 321 3477 rete
343 3434 364 3476 ;
395 3426 450 3470 at
491 3428 620 3469 cum
661 3410 882 3476 landav,
917 3426 1092 3485 quam
1122 3407 1313 3485 plenus
1334 3448 1350 3478 ,
1389 3424 1559 3486 quam
1597 3408 1791 3477 laetus,
1820 3428 1988 3487 quam
2020 3426 2205 3483 teres,

167 3504 382 3567 atque
405 3526 422 3555 ,
444 3498 508 3545 ut
536 3488 758 3547 Horatii
787 3487 961 3545 verbis
978 3497 1129 3552 utar,
1171 3482 1479 3553 rotundus&
1514 3502 1642 3544 nam
1663 3526 1683 3553 ,
1723 3504 1819 3561 per
1848 3488 2037 3557 Deos,
2074 3490 2213 3563 quid

82 3592 94 3601 ·
169 3563 440 3631 fimilius
470 3564 605 3635 quid
643 3562 1122 3622 accommodatius
1163 3561 1272 3619 dici
1317 3562 1501 3635 potuit
1526 3604 1542 3630 ‚
1576 3580 1740 3639 quam
1782 3564 1915 3623 illud
1954 3564 2025 3622 de
2065 3566 2210 3625 Cor·

82 3692 85 3701 .
169 3646 352 3705 vino
396 3636 622 3697 nostro?
673 3640 804 3699 dum
851 3640 1090 3699 novellae
1130 3634 1332 3698 arboris
1367 3638 1605 3712 surgenti
1636 3643 1849 3699 ramulo
1892 3656 2211 3717 comparat,

163 3717 348 3805 quid
397 3730 528 3775 cum
563 3715 740 3777 livore
779 3712 1036 3881 insultat?
1077 3732 1285 3854 noun}
1303 3714 1565 3868 ξιτ-Μυκη
1603 3716 1905 3795 deprimit,
1948 3720 2007 3778 ὅ(
2048 3737 2077 3776 a
2100 3717 2211 3869 1313
