<?xml version="1.0" encoding="UTF-8"?>
<!DOCTYPE html PUBLIC "-//W3C//DTD XHTML 1.0 Transitional//EN"
    "http://www.w3.org/TR/xhtml1/DTD/xhtml1-transitional.dtd">
<html xmlns="http://www.w3.org/1999/xhtml" xml:lang="en" lang="en">
 <head>
  <title>
</title>
<meta http-equiv="Content-Type" content="text/html;charset=utf-8" />
  <meta name='ocr-system' content='tesseract 3.04.00' />
  <meta name='ocr-capabilities' content='ocr_page ocr_carea ocr_par ocr_line ocrx_word'/>
</head>
<body>
  <div class='ocr_page' id='page_1' title='image "actiisincerisan00amalgoog_0386.png"; bbox 0 0 2802 4532; ppageno 0'>
   <div class='ocr_carea' id='block_1_1' title="bbox 538 394 2460 752">
    <p class='ocr_par' dir='ltr' id='par_1_1' title="bbox 538 394 2460 752">
     <span class='ocr_line' id='line_1_1' title="bbox 776 394 2460 533; baseline -0.001 -27"><span class='ocrx_word' id='word_1_1' title='bbox 776 424 1103 507; x_wconf 72' lang='lat' dir='ltr'>HIER.</span> <span class='ocrx_word' id='word_1_2' title='bbox 1151 416 1856 529; x_wconf 68' lang='lat' dir='ltr'>AMALTHEL</span> <span class='ocrx_word' id='word_1_3' title='bbox 2171 394 2316 533; x_wconf 47' lang='lat'>36‘7</span> <span class='ocrx_word' id='word_1_4' title='bbox 2455 498 2460 509; x_wconf 86' lang='grc'>,</span> 
     </span>
     <span class='ocr_line' id='line_1_2' title="bbox 538 651 2163 752; baseline -0.003 -14"><span class='ocrx_word' id='word_1_5' title='bbox 538 660 937 752; x_wconf 81' lang='lat' dir='ltr'><strong>IDEM,</strong></span> <span class='ocrx_word' id='word_1_6' title='bbox 1005 653 1349 731; x_wconf 79' lang='lat' dir='ltr'>IoLAE·</span> <span class='ocrx_word' id='word_1_7' title='bbox 1407 651 2066 735; x_wconf 84' lang='lat' dir='ltr'><strong>TUMULUS.</strong></span> <span class='ocrx_word' id='word_1_8' title='bbox 2154 679 2163 687; x_wconf 95' lang='lat'>·</span> 
     </span>
    </p>
   </div>
   <div class='ocr_carea' id='block_1_2' title="bbox 232 836 2203 1271">
    <p class='ocr_par' dir='ltr' id='par_1_2' title="bbox 1390 836 1989 869">
     <span class='ocr_line' id='line_1_3' title="bbox 1390 836 1989 869; baseline 0.007 -4"><span class='ocrx_word' id='word_1_9' title='bbox 1390 836 1406 849; x_wconf 90' lang='lat'><strong>·</strong></span> <span class='ocrx_word' id='word_1_10' title='bbox 1961 838 1989 869; x_wconf 63' lang='lat'>9</span> 
     </span>
    </p>

    <p class='ocr_par' dir='ltr' id='par_1_3' title="bbox 232 872 2203 1271">
     <span class='ocr_line' id='line_1_4' title="bbox 497 872 2133 973; baseline -0.001 -22"><span class='ocrx_word' id='word_1_11' title='bbox 497 897 769 951; x_wconf 79' lang='lat' dir='ltr'><strong>orarum</strong></span> <span class='ocrx_word' id='word_1_12' title='bbox 804 874 882 947; x_wconf 83' lang='lat' dir='ltr'>in</span> <span class='ocrx_word' id='word_1_13' title='bbox 910 872 1097 949; x_wconf 82' lang='lat' dir='ltr'>vitro</span> <span class='ocrx_word' id='word_1_14' title='bbox 1128 874 1349 973; x_wconf 78' lang='lat' dir='ltr'>pulvis</span> <span class='ocrx_word' id='word_1_15' title='bbox 1380 896 1570 949; x_wconf 87' lang='lat' dir='ltr'>nunc</span> <span class='ocrx_word' id='word_1_16' title='bbox 1599 872 1905 968; x_wconf 83' lang='lat' dir='ltr'>mensor,</span> <span class='ocrx_word' id='word_1_17' title='bbox 1957 875 2133 950; x_wconf 81' lang='lat' dir='ltr'>101ae</span> 
     </span>
     <span class='ocr_line' id='line_1_5' title="bbox 300 890 2203 1061; baseline 0 -9"><span class='ocrx_word' id='word_1_18' title='bbox 300 890 479 1061; x_wconf 87' lang='lat' dir='ltr'>H</span> <span class='ocrx_word' id='word_1_19' title='bbox 578 974 759 1052; x_wconf 89' lang='lat' dir='ltr'>Sunt</span> <span class='ocrx_word' id='word_1_20' title='bbox 786 972 1079 1047; x_wconf 79' lang='lat' dir='ltr'>cinetes:</span> <span class='ocrx_word' id='word_1_21' title='bbox 1146 998 1385 1049; x_wconf 83' lang='lat' dir='ltr'><strong>urnam</strong></span> <span class='ocrx_word' id='word_1_22' title='bbox 1427 968 1745 1047; x_wconf 85' lang='lat' dir='ltr'><strong>condidit</strong></span> <span class='ocrx_word' id='word_1_23' title='bbox 1771 997 1930 1047; x_wconf 86' lang='lat' dir='ltr'>acer</span> <span class='ocrx_word' id='word_1_24' title='bbox 1955 976 2203 1053; x_wconf 86' lang='lat' dir='ltr'><strong>Amor.</strong></span> 
     </span>
     <span class='ocr_line' id='line_1_6' title="bbox 232 1070 2171 1170; baseline -0.002 -22"><span class='ocrx_word' id='word_1_25' title='bbox 232 1094 246 1101; x_wconf 88' lang='grc'>·</span> <span class='ocrx_word' id='word_1_26' title='bbox 301 1073 449 1166; x_wconf 86' lang='lat' dir='ltr'>Ut,</span> <span class='ocrx_word' id='word_1_27' title='bbox 504 1073 555 1147; x_wconf 89' lang='lat' dir='ltr'><strong>fi</strong></span> <span class='ocrx_word' id='word_1_28' title='bbox 590 1096 748 1170; x_wconf 80' lang='lat' dir='ltr'>quae.</span> <span class='ocrx_word' id='word_1_29' title='bbox 776 1070 1091 1147; x_wconf 64' lang='lat' dir='ltr'>extinao</span> <span class='ocrx_word' id='word_1_30' title='bbox 1126 1092 1480 1147; x_wconf 84' lang='lat' dir='ltr'>remanent</span> <span class='ocrx_word' id='word_1_31' title='bbox 1505 1072 1580 1144; x_wconf 89' lang='lat' dir='ltr'>in</span> <span class='ocrx_word' id='word_1_32' title='bbox 1597 1094 1840 1167; x_wconf 43' lang='lat' dir='ltr'>,amore</span> <span class='ocrx_word' id='word_1_33' title='bbox 1873 1070 2171 1168; x_wconf 80' lang='lat' dir='ltr'>favinae,</span> 
     </span>
     <span class='ocr_line' id='line_1_7' title="bbox 396 1169 1936 1271; baseline -0.001 -23"><span class='ocrx_word' id='word_1_34' title='bbox 396 1174 483 1249; x_wconf 93' lang='lat' dir='ltr'>N</span> <span class='ocrx_word' id='word_1_35' title='bbox 487 1195 571 1246; x_wconf 88' lang='lat' dir='ltr'>ec</span> <span class='ocrx_word' id='word_1_36' title='bbox 595 1174 743 1271; x_wconf 84' lang='lat' dir='ltr'>jam</span> <span class='ocrx_word' id='word_1_37' title='bbox 778 1188 969 1243; x_wconf 85' lang='lat' dir='ltr'>tutus</span> <span class='ocrx_word' id='word_1_38' title='bbox 996 1188 1145 1264; x_wconf 86' lang='lat' dir='ltr'>eat,</span> <span class='ocrx_word' id='word_1_39' title='bbox 1194 1194 1327 1245; x_wconf 87' lang='lat' dir='ltr'>nec</span> <span class='ocrx_word' id='word_1_40' title='bbox 1356 1169 1698 1269; x_wconf 83' lang='lat' dir='ltr'>requietus</span> <span class='ocrx_word' id='word_1_41' title='bbox 1725 1189 1936 1246; x_wconf 86' lang='lat' dir='ltr'>amet.</span> 
     </span>
    </p>
   </div>
   <div class='ocr_carea' id='block_1_3' title="bbox 143 1372 2320 1749">
    <p class='ocr_par' dir='ltr' id='par_1_4' title="bbox 143 1372 2320 1749">
     <span class='ocr_line' id='line_1_8' title="bbox 444 1372 2198 1457; baseline -0.001 -2"><span class='ocrx_word' id='word_1_42' title='bbox 444 1376 1093 1455; x_wconf 87' lang='lat' dir='ltr'>PALLADI</span> <span class='ocrx_word' id='word_1_43' title='bbox 1171 1376 1347 1453; x_wconf 87' lang='lat' dir='ltr'>ET</span> <span class='ocrx_word' id='word_1_44' title='bbox 1429 1372 2198 1457; x_wconf 89' lang='lat' dir='ltr'>APOLLINI.</span> 
     </span>
     <span class='ocr_line' id='line_1_9' title="bbox 143 1544 2320 1749; baseline 0.002 -109"><span class='ocrx_word' id='word_1_45' title='bbox 143 1672 158 1683; x_wconf 38' lang='grc' dir='ltr'><strong><em>Ι</em></strong></span> <span class='ocrx_word' id='word_1_46' title='bbox 293 1578 629 1749; x_wconf 82' lang='lat' dir='ltr'>Hanc</span> <span class='ocrx_word' id='word_1_47' title='bbox 668 1544 887 1639; x_wconf 55' lang='lat' dir='ltr'>oleasn</span> <span class='ocrx_word' id='word_1_48' title='bbox 918 1562 1255 1641; x_wconf 76' lang='lat' dir='ltr'><strong>formosus</strong></span> <span class='ocrx_word' id='word_1_49' title='bbox 1288 1568 1502 1641; x_wconf 85' lang='lat' dir='ltr'><strong>Acon·</strong></span> <span class='ocrx_word' id='word_1_50' title='bbox 1521 1564 1692 1655; x_wconf 84' lang='lat' dir='ltr'><strong>tibi,</strong></span> <span class='ocrx_word' id='word_1_51' title='bbox 1745 1563 1922 1640; x_wconf 84' lang='lat' dir='ltr'>casta</span> <span class='ocrx_word' id='word_1_52' title='bbox 1953 1566 2320 1664; x_wconf 53' lang='lat' dir='ltr'>Minervaj</span> 
     </span>
    </p>
   </div>
   <div class='ocr_carea' id='block_1_4' title="bbox 582 1663 2562 1763">
    <p class='ocr_par' dir='ltr' id='par_1_5' title="bbox 582 1663 2562 1763">
     <span class='ocr_line' id='line_1_10' title="bbox 582 1663 2562 1763; baseline 0.008 -28"><span class='ocrx_word' id='word_1_53' title='bbox 582 1663 709 1737; x_wconf 90' lang='lat' dir='ltr'>Ille</span> <span class='ocrx_word' id='word_1_54' title='bbox 739 1664 923 1739; x_wconf 86' lang='lat' dir='ltr'>idem</span> <span class='ocrx_word' id='word_1_55' title='bbox 952 1664 1129 1740; x_wconf 83' lang='lat' dir='ltr'>hanc</span> <span class='ocrx_word' id='word_1_56' title='bbox 1166 1664 1434 1759; x_wconf 82' lang='lat' dir='ltr'>oleam,</span> <span class='ocrx_word' id='word_1_57' title='bbox 1479 1664 1801 1763; x_wconf 72' lang='lat' dir='ltr'>Phpebe,</span> <span class='ocrx_word' id='word_1_58' title='bbox 1856 1665 1986 1744; x_wconf 82' lang='lat' dir='ltr'><strong>tibi</strong></span> <span class='ocrx_word' id='word_1_59' title='bbox 2013 1666 2319 1757; x_wconf 76' lang='lat' dir='ltr'>inseruit,</span> <span class='ocrx_word' id='word_1_60' title='bbox 2429 1719 2431 1721; x_wconf 93' lang='lat'><em>-</em></span> <span class='ocrx_word' id='word_1_61' title='bbox 2555 1741 2562 1751; x_wconf 91' lang='lat'><strong><em>.</em></strong></span> 
     </span>
    </p>
   </div>
   <div class='ocr_carea' id='block_1_5' title="bbox 294 1762 2436 2742">
    <p class='ocr_par' dir='ltr' id='par_1_6' title="bbox 294 1762 2436 2742">
     <span class='ocr_line' id='line_1_11' title="bbox 294 1762 2104 1863; baseline 0 -24"><span class='ocrx_word' id='word_1_62' title='bbox 294 1762 465 1853; x_wconf 85' lang='lat' dir='ltr'>Tu,</span> <span class='ocrx_word' id='word_1_63' title='bbox 518 1762 711 1857; x_wconf 84' lang='lat' dir='ltr'>Dea,</span> <span class='ocrx_word' id='word_1_64' title='bbox 756 1762 1065 1841; x_wconf 82' lang='lat' dir='ltr'>crudeles</span> <span class='ocrx_word' id='word_1_65' title='bbox 1100 1763 1452 1863; x_wconf 82' lang='lat' dir='ltr'>pastorum</span> <span class='ocrx_word' id='word_1_66' title='bbox 1479 1782 1712 1837; x_wconf 82' lang='lat' dir='ltr'>averte</span> <span class='ocrx_word' id='word_1_67' title='bbox 1739 1762 2104 1861; x_wconf 71' lang='lat' dir='ltr'>bipennes:</span> 
     </span>
     <span class='ocr_line' id='line_1_12' title="bbox 394 1861 2426 1963; baseline -0 -30"><span class='ocrx_word' id='word_1_68' title='bbox 394 1861 520 1935; x_wconf 91' lang='lat' dir='ltr'>Tu</span> <span class='ocrx_word' id='word_1_69' title='bbox 552 1862 1097 1952; x_wconf 63' lang='lat' dir='ltr'>teneramiti,</span> <span class='ocrx_word' id='word_1_70' title='bbox 1148 1863 1315 1955; x_wconf 82' lang='lat' dir='ltr'>Sol,</span> <span class='ocrx_word' id='word_1_71' title='bbox 1365 1862 1471 1936; x_wconf 79' lang='lat' dir='ltr'>ale</span> <span class='ocrx_word' id='word_1_72' title='bbox 1497 1861 1857 1959; x_wconf 78' lang='lat' dir='ltr'><strong>temperie.</strong></span> <span class='ocrx_word' id='word_1_73' title='bbox 2411 1946 2426 1963; x_wconf 44' lang='lat'><strong>·</strong></span> 
     </span>
     <span class='ocr_line' id='line_1_13' title="bbox 299 1956 2321 2069; baseline 0.001 -34"><span class='ocrx_word' id='word_1_74' title='bbox 299 1956 518 2051; x_wconf 77' lang='lat' dir='ltr'>Qud</span> <span class='ocrx_word' id='word_1_75' title='bbox 538 1958 587 2032; x_wconf 83' lang='lat' dir='ltr'>fi</span> <span class='ocrx_word' id='word_1_76' title='bbox 616 1982 915 2069; x_wconf 66' lang='lat' dir='ltr'><strong>ququam</strong></span> <span class='ocrx_word' id='word_1_77' title='bbox 934 1960 1225 2039; x_wconf 81' lang='lat' dir='ltr'><strong>domino</strong></span> <span class='ocrx_word' id='word_1_78' title='bbox 1255 1960 1589 2035; x_wconf 76' lang='lat' dir='ltr'>foecunda</span> <span class='ocrx_word' id='word_1_79' title='bbox 1617 1958 1992 2038; x_wconf 82' lang='lat' dir='ltr'>adoleverit</span> <span class='ocrx_word' id='word_1_80' title='bbox 2017 1959 2253 2059; x_wconf 82' lang='lat' dir='ltr'>arbos,</span> <span class='ocrx_word' id='word_1_81' title='bbox 2271 1986 2321 2065; x_wconf 83' lang='lat'><em>5</em></span> 
     </span>
     <span class='ocr_line' id='line_1_14' title="bbox 396 2056 1892 2157; baseline -0.001 -26"><span class='ocrx_word' id='word_1_82' title='bbox 396 2058 472 2131; x_wconf 84' lang='lat' dir='ltr'>Si</span> <span class='ocrx_word' id='word_1_83' title='bbox 510 2082 673 2131; x_wconf 88' lang='lat' dir='ltr'>cum</span> <span class='ocrx_word' id='word_1_84' title='bbox 706 2056 1039 2135; x_wconf 84' lang='lat' dir='ltr'>crescenti</span> <span class='ocrx_word' id='word_1_85' title='bbox 1084 2058 1320 2157; x_wconf 84' lang='lat' dir='ltr'>stipite</span> <span class='ocrx_word' id='word_1_86' title='bbox 1348 2058 1612 2137; x_wconf 80' lang='lat' dir='ltr'>crescet</span> <span class='ocrx_word' id='word_1_87' title='bbox 1639 2060 1846 2133; x_wconf 90' lang='lat' dir='ltr'>Acon</span> <span class='ocrx_word' id='word_1_88' title='bbox 1864 2110 1892 2153; x_wconf 86' lang='lat'>,</span> 
     </span>
     <span class='ocr_line' id='line_1_15' title="bbox 297 2154 2136 2252; baseline 0.003 -24"><span class='ocrx_word' id='word_1_89' title='bbox 297 2154 617 2230; x_wconf 81' lang='lat' dir='ltr'><strong>Humida</strong></span> <span class='ocrx_word' id='word_1_90' title='bbox 648 2180 792 2231; x_wconf 88' lang='lat' dir='ltr'>non</span> <span class='ocrx_word' id='word_1_91' title='bbox 825 2157 1115 2233; x_wconf 83' lang='lat' dir='ltr'>deerunt</span> <span class='ocrx_word' id='word_1_92' title='bbox 1147 2156 1412 2232; x_wconf 81' lang='lat' dir='ltr'>bibulae</span> <span class='ocrx_word' id='word_1_93' title='bbox 1446 2156 1758 2233; x_wconf 82' lang='lat' dir='ltr'>fomenta</span> <span class='ocrx_word' id='word_1_94' title='bbox 1790 2156 2136 2252; x_wconf 83' lang='lat' dir='ltr'>lucernae,</span> 
     </span>
     <span class='ocr_line' id='line_1_16' title="bbox 394 2252 2026 2356; baseline 0.004 -31"><span class='ocrx_word' id='word_1_95' title='bbox 394 2252 585 2349; x_wconf 79' lang='lat' dir='ltr'>Quae</span> <span class='ocrx_word' id='word_1_96' title='bbox 618 2256 866 2352; x_wconf 76' lang='lat' dir='ltr'>proeul</span> <span class='ocrx_word' id='word_1_97' title='bbox 903 2256 1125 2330; x_wconf 79' lang='lat' dir='ltr'><strong>invita</strong></span> <span class='ocrx_word' id='word_1_98' title='bbox 1160 2255 1367 2330; x_wconf 73' lang='grc' dir='ltr'>ηοᾶο</span> <span class='ocrx_word' id='word_1_99' title='bbox 1405 2254 1607 2356; x_wconf 85' lang='lat' dir='ltr'>fuget</span> <span class='ocrx_word' id='word_1_100' title='bbox 1644 2256 1980 2332; x_wconf 77' lang='lat' dir='ltr'>tenebras·</span> <span class='ocrx_word' id='word_1_101' title='bbox 2019 2264 2026 2272; x_wconf 76' lang='grc'><strong><em>’</em></strong></span> 
     </span>
     <span class='ocr_line' id='line_1_17' title="bbox 297 2350 2435 2451; baseline 0.004 -27"><span class='ocrx_word' id='word_1_102' title='bbox 297 2351 639 2446; x_wconf 83' lang='lat' dir='ltr'><strong>Dumque</strong></span> <span class='ocrx_word' id='word_1_103' title='bbox 669 2351 813 2424; x_wconf 81' lang='lat' dir='ltr'>aliis</span> <span class='ocrx_word' id='word_1_104' title='bbox 844 2353 1085 2426; x_wconf 63' lang='lat' dir='ltr'>molles</span> <span class='ocrx_word' id='word_1_105' title='bbox 1115 2350 1490 2428; x_wconf 82' lang='lat' dir='ltr'><strong>suadebunt</strong></span> <span class='ocrx_word' id='word_1_106' title='bbox 1527 2354 1739 2428; x_wconf 77' lang='lat' dir='ltr'>fidem</span> <span class='ocrx_word' id='word_1_107' title='bbox 1768 2354 2087 2451; x_wconf 73' lang='lat' dir='ltr'>somnoe,</span> <span class='ocrx_word' id='word_1_108' title='bbox 2428 2399 2435 2407; x_wconf 93' lang='lat'>·</span> 
     </span>
     <span class='ocr_line' id='line_1_18' title="bbox 396 2440 2436 2550; baseline 0.005 -27"><span class='ocrx_word' id='word_1_109' title='bbox 396 2447 583 2523; x_wconf 87' lang='lat' dir='ltr'>Non</span> <span class='ocrx_word' id='word_1_110' title='bbox 618 2448 879 2544; x_wconf 83' lang='lat' dir='ltr'>poterit</span> <span class='ocrx_word' id='word_1_111' title='bbox 904 2447 1090 2522; x_wconf 75' lang='lat' dir='ltr'>deses</span> <span class='ocrx_word' id='word_1_112' title='bbox 1116 2452 1399 2524; x_wconf 83' lang='lat' dir='ltr'>vincere</span> <span class='ocrx_word' id='word_1_113' title='bbox 1432 2457 1674 2528; x_wconf 78' lang='lat' dir='ltr'>Acona</span> <span class='ocrx_word' id='word_1_114' title='bbox 1703 2451 1927 2550; x_wconf 89' lang='lat' dir='ltr'><strong>sopor.</strong></span> <span class='ocrx_word' id='word_1_115' title='bbox 2151 2440 2184 2480; x_wconf 71' lang='lat'><em>⁶</em></span> <span class='ocrx_word' id='word_1_116' title='bbox 2231 2479 2324 2534; x_wconf 74' lang='grc' dir='ltr'>ιο</span> <span class='ocrx_word' id='word_1_117' title='bbox 2421 2467 2436 2484; x_wconf 92' lang='grc'><strong>’</strong></span> 
     </span>
     <span class='ocr_line' id='line_1_19' title="bbox 301 2541 2274 2650; baseline 0.006 -34"><span class='ocrx_word' id='word_1_118' title='bbox 301 2543 452 2631; x_wconf 87' lang='lat' dir='ltr'>At,</span> <span class='ocrx_word' id='word_1_119' title='bbox 506 2541 556 2615; x_wconf 85' lang='lat' dir='ltr'><strong>fi</strong></span> <span class='ocrx_word' id='word_1_120' title='bbox 588 2545 808 2617; x_wconf 82' lang='lat' dir='ltr'>vestra</span> <span class='ocrx_word' id='word_1_121' title='bbox 837 2542 1127 2648; x_wconf 74' lang='lat' dir='ltr'>aderunt</span> <span class='ocrx_word' id='word_1_122' title='bbox 1154 2548 1251 2621; x_wconf 84' lang='lat' dir='ltr'>dii</span> <span class='ocrx_word' id='word_1_123' title='bbox 1284 2549 1612 2645; x_wconf 86' lang='lat' dir='ltr'>numina,</span> <span class='ocrx_word' id='word_1_124' title='bbox 1661 2550 1917 2645; x_wconf 82' lang='lat' dir='ltr'><strong>discet,</strong></span> <span class='ocrx_word' id='word_1_125' title='bbox 1967 2551 2274 2650; x_wconf 78' lang='lat' dir='ltr'><strong>Apollo,</strong></span> 
     </span>
     <span class='ocr_line' id='line_1_20' title="bbox 400 2638 1807 2742; baseline 0.009 -30"><span class='ocrx_word' id='word_1_126' title='bbox 400 2638 532 2716; x_wconf 88' lang='lat' dir='ltr'>Ille</span> <span class='ocrx_word' id='word_1_127' title='bbox 558 2657 709 2715; x_wconf 81' lang='lat' dir='ltr'><strong>tuas</strong></span> <span class='ocrx_word' id='word_1_128' title='bbox 738 2659 963 2736; x_wconf 82' lang='lat' dir='ltr'>artes,</span> <span class='ocrx_word' id='word_1_129' title='bbox 1000 2644 1118 2716; x_wconf 87' lang='lat' dir='ltr'>ille</span> <span class='ocrx_word' id='word_1_130' title='bbox 1144 2696 1171 2737; x_wconf 87' lang='lat'><strong>,</strong></span> <span class='ocrx_word' id='word_1_131' title='bbox 1222 2645 1588 2742; x_wconf 79' lang='lat' dir='ltr'>Minerva,</span> <span class='ocrx_word' id='word_1_132' title='bbox 1636 2669 1807 2724; x_wconf 80' lang='lat' dir='ltr'><strong>tuas.</strong></span> 
     </span>
    </p>
   </div>
   <div class='ocr_carea' id='block_1_6' title="bbox 758 2839 1867 2985">
    <p class='ocr_par' dir='ltr' id='par_1_7' title="bbox 758 2839 1867 2985">
     <span class='ocr_line' id='line_1_21' title="bbox 758 2839 1867 2985; baseline 0 -43"><span class='ocrx_word' id='word_1_133' title='bbox 758 2839 1867 2985; x_wconf 44' lang='lat' dir='ltr'>DEJUVENCA</span> 
     </span>
    </p>
   </div>
   <div class='ocr_carea' id='block_1_7' title="bbox 300 3069 2147 3466">
    <p class='ocr_par' dir='ltr' id='par_1_8' title="bbox 300 3069 2147 3252">
     <span class='ocr_line' id='line_1_22' title="bbox 300 3069 2147 3252; baseline 0.001 -108"><span class='ocrx_word' id='word_1_134' title='bbox 300 3081 701 3252; x_wconf 85' lang='lat' dir='ltr'>Magna</span> <span class='ocrx_word' id='word_1_135' title='bbox 716 3069 919 3166; x_wconf 84' lang='lat' dir='ltr'>Jovis</span> <span class='ocrx_word' id='word_1_136' title='bbox 948 3071 1259 3168; x_wconf 84' lang='lat' dir='ltr'><strong>conjux,</strong></span> <span class='ocrx_word' id='word_1_137' title='bbox 1308 3070 1364 3144; x_wconf 89' lang='lat' dir='ltr'>ri</span> <span class='ocrx_word' id='word_1_138' title='bbox 1419 3072 1474 3145; x_wconf 74' lang='lat' dir='ltr'>is</span> <span class='ocrx_word' id='word_1_139' title='bbox 1515 3071 1568 3144; x_wconf 85' lang='lat' dir='ltr'>fi</span> <span class='ocrx_word' id='word_1_140' title='bbox 1601 3071 1786 3148; x_wconf 87' lang='lat' dir='ltr'>forte</span> <span class='ocrx_word' id='word_1_141' title='bbox 1817 3071 1936 3147; x_wconf 89' lang='lat' dir='ltr'>sub</span> <span class='ocrx_word' id='word_1_142' title='bbox 1975 3073 2147 3148; x_wconf 76' lang='lat' dir='ltr'>altis·</span> 
     </span>
    </p>

    <p class='ocr_par' dir='ltr' id='par_1_9' title="bbox 565 3169 2040 3264">
     <span class='ocr_line' id='line_1_23' title="bbox 565 3169 2040 3264; baseline -0.001 -20"><span class='ocrx_word' id='word_1_143' title='bbox 565 3192 579 3206; x_wconf 76' lang='grc'><em>“</em></span> <span class='ocrx_word' id='word_1_144' title='bbox 607 3169 743 3244; x_wconf 89' lang='lat' dir='ltr'>Seu</span> <span class='ocrx_word' id='word_1_145' title='bbox 778 3169 860 3244; x_wconf 95' lang='lat' dir='ltr'>N</span> <span class='ocrx_word' id='word_1_146' title='bbox 864 3171 1096 3244; x_wconf 83' lang='lat' dir='ltr'>aucele</span> <span class='ocrx_word' id='word_1_147' title='bbox 1129 3169 1303 3260; x_wconf 83' lang='lat' dir='ltr'><strong>tuis,</strong></span> <span class='ocrx_word' id='word_1_148' title='bbox 1381 3194 1494 3242; x_wconf 89' lang='lat' dir='ltr'>1ve</span> <span class='ocrx_word' id='word_1_149' title='bbox 1537 3173 1839 3244; x_wconf 82' lang='lat' dir='ltr'>Timave</span> <span class='ocrx_word' id='word_1_150' title='bbox 1866 3174 2040 3264; x_wconf 83' lang='lat' dir='ltr'><strong>tuis,</strong></span> 
     </span>
    </p>

    <p class='ocr_par' dir='ltr' id='par_1_10' title="bbox 300 3261 2008 3466">
     <span class='ocr_line' id='line_1_24' title="bbox 300 3261 1958 3364; baseline 0 -24"><span class='ocrx_word' id='word_1_151' title='bbox 300 3261 576 3340; x_wconf 82' lang='lat' dir='ltr'>Videris</span> <span class='ocrx_word' id='word_1_152' title='bbox 608 3287 947 3342; x_wconf 83' lang='lat' dir='ltr'>errantem</span> <span class='ocrx_word' id='word_1_153' title='bbox 980 3269 1189 3342; x_wconf 82' lang='lat' dir='ltr'>niveo</span> <span class='ocrx_word' id='word_1_154' title='bbox 1220 3267 1516 3341; x_wconf 82' lang='lat' dir='ltr'>candore</span> <span class='ocrx_word' id='word_1_155' title='bbox 1551 3270 1910 3364; x_wconf 75' lang='lat' dir='ltr'>iuvencam</span> <span class='ocrx_word' id='word_1_156' title='bbox 1927 3299 1958 3356; x_wconf 74' lang='lat'>3</span> 
     </span>
     <span class='ocr_line' id='line_1_25' title="bbox 402 3358 2008 3466; baseline 0.003 -31"><span class='ocrx_word' id='word_1_157' title='bbox 402 3363 645 3438; x_wconf 77' lang='lat' dir='ltr'>Parce:</span> <span class='ocrx_word' id='word_1_158' title='bbox 698 3365 821 3442; x_wconf 90' lang='lat' dir='ltr'>sub</span> <span class='ocrx_word' id='word_1_159' title='bbox 854 3358 987 3442; x_wconf 76' lang='lat' dir='ltr'>had</span> <span class='ocrx_word' id='word_1_160' title='bbox 1022 3367 1287 3466; x_wconf 84' lang='lat' dir='ltr'>tegitur</span> <span class='ocrx_word' id='word_1_161' title='bbox 1320 3367 1506 3440; x_wconf 84' lang='lat' dir='ltr'><strong>nulla</strong></span> <span class='ocrx_word' id='word_1_162' title='bbox 1545 3367 1772 3464; x_wconf 83' lang='lat' dir='ltr'>puella</span> <span class='ocrx_word' id='word_1_163' title='bbox 1801 3366 2008 3442; x_wconf 88' lang='lat' dir='ltr'>bove.</span> 
     </span>
    </p>
   </div>
   <div class='ocr_carea' id='block_1_8' title="bbox 2167 3713 2372 3790">
    <p class='ocr_par' dir='ltr' id='par_1_11' title="bbox 2167 3713 2372 3790">
     <span class='ocr_line' id='line_1_26' title="bbox 2167 3713 2372 3790; baseline -0.015 0"><span class='ocrx_word' id='word_1_164' title='bbox 2167 3713 2372 3790; x_wconf 76' lang='lat' dir='ltr'>AD·</span> 
     </span>
    </p>
   </div>
  </div>
 </body>
</html>
