2802 4532
845 59 864 112 ἱ

505 427 600 507 59
697 392 1190 475 LAMENT.
1239 389 1390 466 De
1436 361 1829 468 MORTE
1878 391 2351 480 CHRISTI.
2440 350 2448 359 ’

509 541 596 618 N
599 555 719 635 ee,
771 557 1024 649 quanta
1047 563 1092 612 a
1121 558 1326 638 tergo
1356 538 1499 636 jam
1528 535 1781 612 instent
1822 558 2213 637 tormenta,
2263 542 2533 620 videtis.
2636 549 2647 562 ⁸

507 641 828 738 Tempus
859 637 1030 728 erit,
1079 659 1246 710 cum
1277 635 1498 710 vestra
1522 635 1717 710 illum
1744 641 2103 714 commifl'a
2124 659 2483 720 notantem
2500 695 2529 738 ‚

360 822 375 831 ,
507 733 942 813 Multantem
991 759 1080 807 ue
1111 757 1306 824 reos»,
1355 734 1630 832 altaque
1661 735 1735 806 in
1760 735 1947 812 nube
1977 737 2323 814 sedent'em

509 833 923 933 Adspicietis
945 761 1019 905 ἓ(
1055 833 1441 906 horrenteis
1472 851 1740 906 tremor
1774 859 1867 931 op
1915 839 2125 912 timet
2150 857 2357 912 artus.

510 932 683 1008 Nec
708 936 850 1030 jam
869 937 1046 1004 ferre
1063 931 1306 1004 oculos
1319 930 1759 1004 flammarum
1772 955 1846 1004 ar
1894 957 2011 1008 ore
2024 933 2386 1032 coruscoe,
2434 959 2535 1024 90

510 1035 666 1106 Aut
693 1025 996 1101 tumidos
1023 1029 1183 1101 acie.
1199 1027 1431 1104 vultus
1460 1029 1884 1104 contendere
1914 1049 2151 1107 contra

511 1127 823 1203 Audebit
853 1125 1206 1224 quisquam
1241 1123 1369 1201 fibi
1397 1126 1733 1204 conscius.
1787 1127 1941 1202 Ibit
1960 1130 2036 1202 in
2064 1133 2277 1230 igneis

511 1225 764 1300 Turba
794 1211 1102 1319 nocenSJ
1141 1223 1524 1325 sonteisque
1544 1224 1852 1300 exsolvet
1878 1251 2175 1329 corpore
2200 1253 2483 1330 poenas:

507 1321 888 1400 Pallenteis
917 1345 1006 1396 ue
1047 1343 1384 1400 aeternum
1427 1325 1682 1397 amueis
1775 1323 2125 1428 vastasque
2156 1328 2423 1405 lacunas

457 1507 470 1523 ,
514 1423 782 1518 Cocyti
814 1446 902 1494 co
931 1441 1039 1493 et:
1096 1421 1171 1498 &
1205 1422 1441 1496 Furias
1472 1422 1640 1495 horr
1702 1443 1823 1496 cet
1857 1424 2191 1500 hianteis:
2438 1442 2541 1522 95

483 1521 754 1618 ·Atque
775 1517 1090 1592 animum
1119 1520 1406 1594 monitis
1437 1541 1582 1593 non
1615 1519 1977 1594 intendisse
2008 1523 2310 1622 pigebit.

513 1619 733 1692 Tunc
762 1641 891 1690 vos
917 1615 1183 1692 exa&ae.
1211 1617 1493 1718 c'apient
1524 1617 1710 1699 mala
1733 1617 1943 1690 toedia
1972 1622 2141 1692 vitae
2157 1645 2234 1711 ,ο

509 1715 888 1814 Experteis
913 1715 1082 1790 coeli
1099 1767 1126 1807 ,
1174 1736 1386 1816 atque
1410 1737 1637 1809 aurae,
1686 1711 1810 1790 sub
1838 1714 2047 1790 noete
2070 1715 2421 1816 profunda
2440 1743 2465 1791 t

512 1815 736 1911 Inque
761 1831 972 1912 caput
997 1813 1273 1886 trifidos
1305 1815 1767 1913 nequicquam
1798 1813 2129 1914 optabitis
2158 1815 2410 1914 igneis:

512 1912 616 1985 Et
649 1909 898 1985 frastra
927 1909 1182 1988 ετεᾶαε
1215 1913 1473 1986 tolletis
1503 1912 1587 1985 ad
1619 1913 1877 1985 aethera
1906 1914 2188 2010 palmas.
2400 1933 2539 1986 100

515 2007 720 2104 Qos
759 2007 1086 2108 supersim
1118 2029 1388 2103 coetu8‚
1446 2011 1521 2083 δι’
1549 2007 1898 2083 fortunata
1922 2012 2198 2110 piorum

511 2109 824 2206 Agmina
857 2109 976 2182 vix
996 2108 1316 2206 lacrymis
1345 2127 1677 2204 poterunt
1709 2107 2007 2206 speetare
2040 2107 2366 2199 retentis,

513 2205 814 2283 Invidiae
848 2204 1169 2299 stimuliS‚
1223 2206 1517 2307 dirisque
1546 2205 1905 2281 ultricibus
1934 2203 2142 2281 aetos.

515 2305 718 2405 Ergo
749 2305 1010 2379 vitaleis
1039 2304 1262 2381 miseri
1290 2306 1455 2379 dum
1497 2306 1781 2403 carpitis
1804 2328 2035 2398 auras,

517 2400 720 2476 Dum
738 2408 1032 2502 corripos
1047 2428 1238 2479 mens
1256 2403 1394 2503 ipfia
1406 2402 1505 2476 sui
1522 2402 1622 2477 est
1636 2455 1659 2495 ,
1677 2404 1844 2481 dum
1862 2424 2049 2479 certa
2060 2400 2373 2495 facultas,
2401 2419 2535 2496 ¹05

519 2500 722 2576 Dum
744 2502 918 2577 ratio
935 2554 962 2595 ‚
1011 2502 1415 2602 tempusque
1432 2502 1701 2576 finunt:
1756 2502 1957 2577 fimul
1972 2506 2068 2575 ite
2082 2500 2498 2600 frequentes·

399 2632 407 2640 ·
516 2599 636 2672 Ite
665 2598 804 2697 pii,
855 2602 1124 2677 veniam
1159 2602 1351 2675 facitis
1375 2598 1732 2698 exposcite
1758 2601 2036 2674 vestris:

511 2698 671 2789 Ite,
719 2698 990 2773 animos
1021 2722 1355 2806 purgate,
1410 2700 1731 2797 Orcique
1759 2700 2073 2774 inhibete
2106 2696 2406 2795 rapinas:

519 2795 624 2869 Et
656 2794 934 2870 tamiem
965 2801 1192 2895 patrio
1225 2817 1533 2871 mentem
1564 2798 1959 2871 convertite
1990 2795 2205 2869 coe10.

524 2896 646 2967 Sic
679 2918 802 2966 rex
827 2894 947 2966 ille
978 2896 1386 2983 hominum,
1436 2894 1637 2964 vacui
1662 2892 1992 2989 spoliator
2022 2891 2331 2983 Averni,
2402 2908 2541 2963 110

521 2991 814 3065 Oblitus
841 2990 1168 3063 scelerum
1203 3007 1523 3088 cognatae
1560 2984 1782 3085 stirpis
1812 3010 2085 3078 amore,

521 3088 970 3186 Promissique
997 3110 1312 3179 memor,
1362 3084 1655 3159 menteis
1682 3086 1965 3159 intrabit
1980 3082 2239 3156 amicas
2256 3133 2283 3173 ,

523 3188 916 3286 Vestraque
947 3182 1360 3284 posthabitis
1397 3184 1664 3256 recolet
1694 3182 2081 3283 praecordia
2110 3180 2415 3271 templis·

523 3285 829 3384 Postque
866 3306 980 3358 tot
1013 3284 1378 3359 exhaustos
1404 3284 1706 3383 vitaeque
1736 3280 2099 3377 obitusque
2128 3276 2434 3370 labores,

525 3382 664 3455 1110
697 3408 834 3481 quo
869 3384 1168 3478 pluvias,
1219 3408 1360 3483 quo
1393 3382 1591 3481 pellit
1624 3382 1857 3455 nubila
1886 3380 2133 3473 vultu,
2400 3396 2433 3452 ι
2454 3396 2541 3477 15

528 3480 828 3554 Ablutos
863 3482 1013 3555 labe
1037 3484 1380 3581 excipiet,
1434 3480 1762 3579 laetusque
1794 3496 2109 3575 reponet·

528 3580 844 3655 sidereos
870 3580 1050 3653 inter
1080 3602 1437 3680 proceres»,
1486 3578 1924 3677 san&umque
1954 3574 2252 3649 senatum
2272 3626 2299 3667 ‚

527 3678 680 3755 Sub
704 3677 1128 3779 pedibusque
1157 3679 1348 3753 dabit
1383 3675 1717 3753 stellantia
1742 3696 2019 3752 cernere
2048 3672 2362 3747 claustra.

2196 3766 2545 3846 ACT11
