<?xml version="1.0" encoding="UTF-8"?>
<!DOCTYPE html PUBLIC "-//W3C//DTD XHTML 1.0 Transitional//EN"
    "http://www.w3.org/TR/xhtml1/DTD/xhtml1-transitional.dtd">
<html xmlns="http://www.w3.org/1999/xhtml" xml:lang="en" lang="en">
 <head>
  <title>
</title>
<meta http-equiv="Content-Type" content="text/html;charset=utf-8" />
  <meta name='ocr-system' content='tesseract 3.04.00' />
  <meta name='ocr-capabilities' content='ocr_page ocr_carea ocr_par ocr_line ocrx_word'/>
</head>
<body>
  <div class='ocr_page' id='page_1' title='image "actiisincerisan00amalgoog_0512.png"; bbox 0 0 2802 4532; ppageno 0'>
   <div class='ocr_carea' id='block_1_1' title="bbox 254 462 2340 3889">
    <p class='ocr_par' dir='ltr' id='par_1_1' title="bbox 760 462 2306 574">
     <span class='ocr_line' id='line_1_1' title="bbox 760 462 2306 574; baseline 0.005 -34"><span class='ocrx_word' id='word_1_1' title='bbox 760 529 779 540; x_wconf 77' lang='lat'><strong>.</strong></span> <span class='ocrx_word' id='word_1_2' title='bbox 925 465 1015 557; x_wconf 85' lang='lat' dir='ltr'>V</span> <span class='ocrx_word' id='word_1_3' title='bbox 1171 465 1209 554; x_wconf 87' lang='grc' dir='ltr'>Ῑ</span> <span class='ocrx_word' id='word_1_4' title='bbox 1364 462 1458 548; x_wconf 88' lang='grc' dir='ltr'><strong>Τ</strong></span> <span class='ocrx_word' id='word_1_5' title='bbox 1613 463 1721 548; x_wconf 84' lang='lat' dir='ltr'>A.</span> <span class='ocrx_word' id='word_1_6' title='bbox 1767 499 1776 512; x_wconf 92' lang='lat'><strong>·</strong></span> <span class='ocrx_word' id='word_1_7' title='bbox 2153 495 2306 574; x_wconf 82' lang='lat'>493</span> 
     </span>
    </p>

    <p class='ocr_par' dir='ltr' id='par_1_2' title="bbox 254 615 2316 825">
     <span class='ocr_line' id='line_1_2' title="bbox 254 615 2316 739; baseline -0.003 -28"><span class='ocrx_word' id='word_1_8' title='bbox 254 629 261 638; x_wconf 79' lang='grc'><strong><em>’</em></strong></span> <span class='ocrx_word' id='word_1_9' title='bbox 310 621 465 714; x_wconf 83' lang='lat' dir='ltr'>bus</span> <span class='ocrx_word' id='word_1_10' title='bbox 493 669 519 722; x_wconf 79' lang='lat'><strong>‚</strong></span> <span class='ocrx_word' id='word_1_11' title='bbox 603 626 745 739; x_wconf 89' lang='lat' dir='ltr'>qui</span> <span class='ocrx_word' id='word_1_12' title='bbox 831 649 1043 711; x_wconf 90' lang='lat' dir='ltr'>anno</span> <span class='ocrx_word' id='word_1_13' title='bbox 1112 620 1301 732; x_wconf 74' lang='lat' dir='ltr'>post&#39;</span> <span class='ocrx_word' id='word_1_14' title='bbox 1350 615 1976 705; x_wconf 87' lang='lat' dir='ltr'>CHRISTUM</span> <span class='ocrx_word' id='word_1_15' title='bbox 2041 639 2316 706; x_wconf 82' lang='lat' dir='ltr'>ortum</span> 
     </span>
     <span class='ocr_line' id='line_1_3' title="bbox 313 727 2314 825; baseline -0.004 -5"><span class='ocrx_word' id='word_1_16' title='bbox 313 737 447 820; x_wconf 78' lang='lat' dir='ltr'>clo</span> <span class='ocrx_word' id='word_1_17' title='bbox 474 763 618 820; x_wconf 90' lang='lat' dir='ltr'>ccc</span> <span class='ocrx_word' id='word_1_18' title='bbox 652 761 898 821; x_wconf 75' lang='lat' dir='ltr'>Lxxx-</span> <span class='ocrx_word' id='word_1_19' title='bbox 950 733 1051 816; x_wconf 90' lang='lat' dir='ltr'>ab</span> <span class='ocrx_word' id='word_1_20' title='bbox 1087 729 1422 814; x_wconf 88' lang='lat' dir='ltr'>Urbano</span> <span class='ocrx_word' id='word_1_21' title='bbox 1451 727 1852 812; x_wconf 87' lang='lat' dir='ltr'>Pontifice</span> <span class='ocrx_word' id='word_1_22' title='bbox 1887 751 2314 825; x_wconf 63' lang='lat' dir='ltr'>evocatum,</span> 
     </span>
    </p>

    <p class='ocr_par' dir='ltr' id='par_1_3' title="bbox 310 839 2322 950">
     <span class='ocr_line' id='line_1_4' title="bbox 310 839 2322 950; baseline -0.002 -21"><span class='ocrx_word' id='word_1_23' title='bbox 310 871 411 929; x_wconf 87' lang='lat' dir='ltr'>eo</span> <span class='ocrx_word' id='word_1_24' title='bbox 482 845 815 931; x_wconf 86' lang='lat' dir='ltr'>confilio</span> <span class='ocrx_word' id='word_1_25' title='bbox 882 845 965 925; x_wconf 91' lang='lat' dir='ltr'>in</span> <span class='ocrx_word' id='word_1_26' title='bbox 1034 839 1339 925; x_wconf 79' lang='lat' dir='ltr'>Italiam</span> <span class='ocrx_word' id='word_1_27' title='bbox 1389 844 1784 935; x_wconf 80' lang='lat' dir='ltr'>venerat,</span> <span class='ocrx_word' id='word_1_28' title='bbox 1871 857 1962 922; x_wconf 89' lang='lat' dir='ltr'>ut</span> <span class='ocrx_word' id='word_1_29' title='bbox 2010 839 2322 950; x_wconf 83' lang='lat' dir='ltr'>Regno</span> 
     </span>
    </p>

    <p class='ocr_par' dir='ltr' id='par_1_4' title="bbox 306 945 2316 1066">
     <span class='ocr_line' id='line_1_5' title="bbox 306 945 2316 1066; baseline -0.003 -27"><span class='ocrx_word' id='word_1_30' title='bbox 306 956 842 1066; x_wconf 87' lang='lat' dir='ltr'>Neapolitano</span> <span class='ocrx_word' id='word_1_31' title='bbox 895 952 1343 1059; x_wconf 85' lang='lat' dir='ltr'>potiretur,</span> <span class='ocrx_word' id='word_1_32' title='bbox 1397 945 1762 1033; x_wconf 83' lang='lat' dir='ltr'>tribunus</span> <span class='ocrx_word' id='word_1_33' title='bbox 1781 951 2140 1035; x_wconf 35' lang='lat' dir='ltr'>*militum</span> <span class='ocrx_word' id='word_1_34' title='bbox 2195 951 2316 1034; x_wconf 89' lang='lat' dir='ltr'>se-</span> 
     </span>
    </p>

    <p class='ocr_par' dir='ltr' id='par_1_5' title="bbox 302 1055 2312 1170">
     <span class='ocr_line' id='line_1_6' title="bbox 302 1055 2312 1170; baseline -0.003 -22"><span class='ocrx_word' id='word_1_35' title='bbox 302 1085 539 1148; x_wconf 88' lang='lat' dir='ltr'>cutus</span> <span class='ocrx_word' id='word_1_36' title='bbox 612 1062 785 1157; x_wconf 86' lang='lat' dir='ltr'>est;</span> <span class='ocrx_word' id='word_1_37' title='bbox 858 1059 1245 1170; x_wconf 74' lang='lat' dir='ltr'>pulsisque</span> <span class='ocrx_word' id='word_1_38' title='bbox 1318 1057 1650 1140; x_wconf 86' lang='lat' dir='ltr'>demum</span> <span class='ocrx_word' id='word_1_39' title='bbox 1719 1055 2124 1155; x_wconf 71' lang='lat' dir='ltr'>hostibu5‚</span> <span class='ocrx_word' id='word_1_40' title='bbox 2199 1059 2312 1142; x_wconf 89' lang='lat' dir='ltr'>ob</span> 
     </span>
    </p>

    <p class='ocr_par' dir='ltr' id='par_1_6' title="bbox 300 1166 2312 1280">
     <span class='ocr_line' id='line_1_7' title="bbox 300 1166 2312 1280; baseline -0.002 -24"><span class='ocrx_word' id='word_1_41' title='bbox 300 1171 779 1280; x_wconf 86' lang='lat' dir='ltr'>fingularem</span> <span class='ocrx_word' id='word_1_42' title='bbox 829 1171 1259 1261; x_wconf 85' lang='lat' dir='ltr'>virtutem,</span> <span class='ocrx_word' id='word_1_43' title='bbox 1314 1167 1852 1278; x_wconf 69' lang='lat' dir='ltr'>praeclaraque</span> <span class='ocrx_word' id='word_1_44' title='bbox 1885 1169 1970 1250; x_wconf 90' lang='lat' dir='ltr'>in</span> <span class='ocrx_word' id='word_1_45' title='bbox 1999 1193 2105 1251; x_wconf 89' lang='lat' dir='ltr'>eo</span> <span class='ocrx_word' id='word_1_46' title='bbox 2141 1166 2312 1252; x_wconf 82' lang='lat' dir='ltr'>bel·</span> 
     </span>
    </p>

    <p class='ocr_par' dir='ltr' id='par_1_7' title="bbox 299 1273 2312 1376">
     <span class='ocr_line' id='line_1_8' title="bbox 299 1273 2312 1376; baseline -0.001 -12"><span class='ocrx_word' id='word_1_47' title='bbox 299 1283 389 1364; x_wconf 87' lang='lat' dir='ltr'>lo</span> <span class='ocrx_word' id='word_1_48' title='bbox 442 1277 661 1362; x_wconf 87' lang='lat' dir='ltr'>edita</span> <span class='ocrx_word' id='word_1_49' title='bbox 716 1276 1117 1376; x_wconf 81' lang='lat' dir='ltr'>facinora,</span> <span class='ocrx_word' id='word_1_50' title='bbox 1172 1275 1558 1363; x_wconf 85' lang='lat' dir='ltr'>nonnulla</span> <span class='ocrx_word' id='word_1_51' title='bbox 1611 1282 1696 1357; x_wconf 86' lang='lat' dir='ltr'>in</span> <span class='ocrx_word' id='word_1_52' title='bbox 1747 1273 2097 1360; x_wconf 83' lang='lat' dir='ltr'>Lucanis</span> <span class='ocrx_word' id='word_1_53' title='bbox 2147 1277 2312 1362; x_wconf 79' lang='lat' dir='ltr'>cas·-</span> 
     </span>
    </p>

    <p class='ocr_par' dir='ltr' id='par_1_8' title="bbox 300 1381 2306 1498">
     <span class='ocr_line' id='line_1_9' title="bbox 300 1381 2306 1498; baseline 0.002 -28"><span class='ocrx_word' id='word_1_54' title='bbox 300 1385 488 1471; x_wconf 75' lang='lat' dir='ltr'>telia</span> <span class='ocrx_word' id='word_1_55' title='bbox 536 1415 577 1470; x_wconf 86' lang='lat' dir='ltr'>a</span> <span class='ocrx_word' id='word_1_56' title='bbox 627 1387 863 1498; x_wconf 89' lang='lat' dir='ltr'>Rege</span> <span class='ocrx_word' id='word_1_57' title='bbox 906 1387 1255 1483; x_wconf 67' lang='lat' dir='ltr'>vistore,</span> <span class='ocrx_word' id='word_1_58' title='bbox 1312 1381 1683 1468; x_wconf 89' lang='lat' dir='ltr'>beneficii</span> <span class='ocrx_word' id='word_1_59' title='bbox 1735 1385 1922 1470; x_wconf 92' lang='lat' dir='ltr'>loco</span> <span class='ocrx_word' id='word_1_60' title='bbox 1973 1392 2306 1496; x_wconf 84' lang='lat' dir='ltr'>accepit.</span> 
     </span>
    </p>

    <p class='ocr_par' dir='ltr' id='par_1_9' title="bbox 286 1489 2309 1711">
     <span class='ocr_line' id='line_1_10' title="bbox 286 1489 2309 1602; baseline 0.002 -22"><span class='ocrx_word' id='word_1_61' title='bbox 286 1495 646 1602; x_wconf 67' lang='lat' dir='ltr'>jaconus</span> <span class='ocrx_word' id='word_1_62' title='bbox 736 1523 935 1582; x_wconf 88' lang='lat' dir='ltr'>vero</span> <span class='ocrx_word' id='word_1_63' title='bbox 998 1493 1358 1590; x_wconf 71' lang='lat' dir='ltr'>N1c0LA1</span> <span class='ocrx_word' id='word_1_64' title='bbox 1433 1489 1519 1578; x_wconf 82' lang='lat' dir='ltr'>F.</span> <span class='ocrx_word' id='word_1_65' title='bbox 1591 1489 1970 1578; x_wconf 86' lang='lat' dir='ltr'>Ladissao</span> <span class='ocrx_word' id='word_1_66' title='bbox 2033 1494 2309 1586; x_wconf 82' lang='lat' dir='ltr'>Caroli</span> 
     </span>
     <span class='ocr_line' id='line_1_11' title="bbox 299 1602 2302 1711; baseline 0.002 -23"><span class='ocrx_word' id='word_1_67' title='bbox 299 1604 393 1689; x_wconf 90' lang='lat' dir='ltr'>F.</span> <span class='ocrx_word' id='word_1_68' title='bbox 502 1606 823 1690; x_wconf 89' lang='lat' dir='ltr'>strenuo</span> <span class='ocrx_word' id='word_1_69' title='bbox 888 1604 1431 1699; x_wconf 88' lang='lat' dir='ltr'>adolescenti,</span> <span class='ocrx_word' id='word_1_70' title='bbox 1505 1602 1640 1686; x_wconf 89' lang='lat' dir='ltr'>eui</span> <span class='ocrx_word' id='word_1_71' title='bbox 1707 1605 1947 1711; x_wconf 84' lang='lat' dir='ltr'>patris</span> <span class='ocrx_word' id='word_1_72' title='bbox 2033 1630 2302 1692; x_wconf 87' lang='lat' dir='ltr'>morte</span> 
     </span>
    </p>

    <p class='ocr_par' dir='ltr' id='par_1_10' title="bbox 300 1710 2304 1822">
     <span class='ocr_line' id='line_1_12' title="bbox 300 1710 2304 1822; baseline 0.004 -26"><span class='ocrx_word' id='word_1_73' title='bbox 300 1736 647 1822; x_wconf 85' lang='lat' dir='ltr'>regnum</span> <span class='ocrx_word' id='word_1_74' title='bbox 684 1713 1170 1810; x_wconf 86' lang='lat' dir='ltr'>obvenerat,</span> <span class='ocrx_word' id='word_1_75' title='bbox 1226 1710 1657 1798; x_wconf 85' lang='lat' dir='ltr'>tristiffimo</span> <span class='ocrx_word' id='word_1_76' title='bbox 1689 1739 1782 1796; x_wconf 89' lang='lat' dir='ltr'>ae</span> <span class='ocrx_word' id='word_1_77' title='bbox 1819 1713 2304 1804; x_wconf 69' lang='lat' dir='ltr'>difficillimo</span> 
     </span>
    </p>

    <p class='ocr_par' dir='ltr' id='par_1_11' title="bbox 292 1817 2300 2014">
     <span class='ocr_line' id='line_1_13' title="bbox 292 1817 2300 2014; baseline 0.002 -109"><span class='ocrx_word' id='word_1_78' title='bbox 292 1819 467 1929; x_wconf 84' lang='lat' dir='ltr'>ejus</span> <span class='ocrx_word' id='word_1_79' title='bbox 515 1843 928 1933; x_wconf 86' lang='lat' dir='ltr'>tempore,</span> <span class='ocrx_word' id='word_1_80' title='bbox 982 1825 1263 1906; x_wconf 85' lang='lat' dir='ltr'>utilem</span> <span class='ocrx_word' id='word_1_81' title='bbox 1313 1817 1522 1904; x_wconf 88' lang='lat' dir='ltr'>adeo</span> <span class='ocrx_word' id='word_1_82' title='bbox 1561 1845 1894 1929; x_wconf 89' lang='lat' dir='ltr'>operam</span> <span class='ocrx_word' id='word_1_83' title='bbox 1897 1825 2300 2014; x_wconf 66' lang='lat' dir='ltr'>dpraebuit,</span> 
     </span>
    </p>

    <p class='ocr_par' dir='ltr' id='par_1_12' title="bbox 288 1929 2304 2044">
     <span class='ocr_line' id='line_1_14' title="bbox 288 1929 2304 2044; baseline 0.003 -30"><span class='ocrx_word' id='word_1_84' title='bbox 288 1934 533 2040; x_wconf 81' lang='lat' dir='ltr'>eique</span> <span class='ocrx_word' id='word_1_85' title='bbox 576 1931 674 2017; x_wconf 79' lang='lat' dir='ltr'>ad</span> <span class='ocrx_word' id='word_1_86' title='bbox 724 1931 1169 2043; x_wconf 80' lang='lat' dir='ltr'>fugandum</span> <span class='ocrx_word' id='word_1_87' title='bbox 1206 1929 1722 2014; x_wconf 89' lang='lat' dir='ltr'>Ludovicum</span> <span class='ocrx_word' id='word_1_88' title='bbox 1755 1933 1892 2017; x_wconf 90' lang='lat' dir='ltr'>An</span> <span class='ocrx_word' id='word_1_89' title='bbox 1957 1959 2304 2044; x_wconf 84' lang='lat' dir='ltr'>egaven-</span> 
     </span>
    </p>

    <p class='ocr_par' dir='ltr' id='par_1_13' title="bbox 286 2037 2298 2266">
     <span class='ocr_line' id='line_1_15' title="bbox 286 2037 2298 2152; baseline 0.005 -30"><span class='ocrx_word' id='word_1_90' title='bbox 286 2039 453 2124; x_wconf 82' lang='lat' dir='ltr'>fem</span> <span class='ocrx_word' id='word_1_91' title='bbox 502 2043 609 2126; x_wconf 89' lang='lat' dir='ltr'>ita</span> <span class='ocrx_word' id='word_1_92' title='bbox 660 2041 947 2152; x_wconf 83' lang='lat' dir='ltr'>praesto</span> <span class='ocrx_word' id='word_1_93' title='bbox 979 2041 1177 2141; x_wconf 88' lang='lat' dir='ltr'>fuit,</span> <span class='ocrx_word' id='word_1_94' title='bbox 1233 2057 1325 2126; x_wconf 91' lang='lat' dir='ltr'>ut</span> <span class='ocrx_word' id='word_1_95' title='bbox 1356 2037 1817 2136; x_wconf 88' lang='lat' dir='ltr'>Petrinum,</span> <span class='ocrx_word' id='word_1_96' title='bbox 1871 2039 2007 2126; x_wconf 91' lang='lat' dir='ltr'>seu</span> <span class='ocrx_word' id='word_1_97' title='bbox 2047 2043 2298 2132; x_wconf 87' lang='lat' dir='ltr'>Mon-</span> 
     </span>
     <span class='ocr_line' id='line_1_16' title="bbox 289 2148 2295 2266; baseline 0.004 -34"><span class='ocrx_word' id='word_1_98' title='bbox 289 2151 387 2233; x_wconf 74' lang='lat' dir='ltr'>tis</span> <span class='ocrx_word' id='word_1_99' title='bbox 432 2149 843 2238; x_wconf 86' lang='lat' dir='ltr'>Draconis</span> <span class='ocrx_word' id='word_1_100' title='bbox 892 2151 1219 2266; x_wconf 87' lang='lat' dir='ltr'>Rupern</span> <span class='ocrx_word' id='word_1_101' title='bbox 1258 2212 1285 2252; x_wconf 90' lang='lat'><strong>,</strong></span> <span class='ocrx_word' id='word_1_102' title='bbox 1358 2148 1576 2262; x_wconf 88' lang='lat' dir='ltr'>apud</span> <span class='ocrx_word' id='word_1_103' title='bbox 1634 2175 1878 2260; x_wconf 84' lang='lat' dir='ltr'>quam</span> <span class='ocrx_word' id='word_1_104' title='bbox 1928 2149 2119 2240; x_wconf 84' lang='lat' dir='ltr'>olim</span> <span class='ocrx_word' id='word_1_105' title='bbox 2169 2155 2295 2241; x_wconf 85' lang='lat' dir='ltr'>Si-</span> 
     </span>
    </p>

    <p class='ocr_par' dir='ltr' id='par_1_14' title="bbox 284 2257 2340 2582">
     <span class='ocr_line' id='line_1_17' title="bbox 284 2257 2340 2375; baseline 0.005 -34"><span class='ocrx_word' id='word_1_106' title='bbox 284 2257 557 2342; x_wconf 80' lang='lat' dir='ltr'>nness&#39;a</span> <span class='ocrx_word' id='word_1_107' title='bbox 622 2260 760 2342; x_wconf 81' lang='lat' dir='ltr'>fita</span> <span class='ocrx_word' id='word_1_108' title='bbox 833 2283 1002 2343; x_wconf 78' lang='lat' dir='ltr'>erat</span> <span class='ocrx_word' id='word_1_109' title='bbox 1034 2318 1062 2356; x_wconf 90' lang='lat'><strong>‚</strong></span> <span class='ocrx_word' id='word_1_110' title='bbox 1134 2263 1430 2346; x_wconf 84' lang='lat' dir='ltr'>bonam</span> <span class='ocrx_word' id='word_1_111' title='bbox 1497 2262 1694 2341; x_wconf 86' lang='lat' dir='ltr'>item</span> <span class='ocrx_word' id='word_1_112' title='bbox 1765 2257 2072 2348; x_wconf 89' lang='lat' dir='ltr'>Falerni</span> <span class='ocrx_word' id='word_1_113' title='bbox 2122 2271 2340 2375; x_wconf 61' lang='lat' dir='ltr'>agri*</span> 
     </span>
     <span class='ocr_line' id='line_1_18' title="bbox 284 2363 2294 2482; baseline 0.003 -36"><span class='ocrx_word' id='word_1_114' title='bbox 284 2383 641 2469; x_wconf 85' lang='lat' dir='ltr'>partem,</span> <span class='ocrx_word' id='word_1_115' title='bbox 694 2363 1079 2448; x_wconf 86' lang='lat' dir='ltr'>Mafficos</span> <span class='ocrx_word' id='word_1_116' title='bbox 1104 2386 1465 2455; x_wconf 86' lang='lat' dir='ltr'>montes,</span> <span class='ocrx_word' id='word_1_117' title='bbox 1514 2366 2151 2482; x_wconf 83' lang='lat' dir='ltr'>oppidulumque</span> <span class='ocrx_word' id='word_1_118' title='bbox 2189 2378 2294 2462; x_wconf 82' lang='lat' dir='ltr'>ad</span> 
     </span>
     <span class='ocr_line' id='line_1_19' title="bbox 292 2470 2294 2582; baseline 0.005 -31"><span class='ocrx_word' id='word_1_119' title='bbox 292 2470 672 2554; x_wconf 80' lang='lat' dir='ltr'>Vulturni</span> <span class='ocrx_word' id='word_1_120' title='bbox 707 2471 939 2565; x_wconf 88' lang='lat' dir='ltr'>ostia,</span> <span class='ocrx_word' id='word_1_121' title='bbox 992 2494 1247 2579; x_wconf 82' lang='lat' dir='ltr'>prope</span> <span class='ocrx_word' id='word_1_122' title='bbox 1286 2472 1774 2553; x_wconf 82' lang='lat' dir='ltr'>Linternum</span> <span class='ocrx_word' id='word_1_123' title='bbox 1805 2474 2001 2559; x_wconf 86' lang='lat' dir='ltr'>illud</span> <span class='ocrx_word' id='word_1_124' title='bbox 2039 2500 2294 2582; x_wconf 86' lang='lat' dir='ltr'>vetus,</span> 
     </span>
    </p>

    <p class='ocr_par' dir='ltr' id='par_1_15' title="bbox 285 2576 2292 2685">
     <span class='ocr_line' id='line_1_20' title="bbox 285 2576 2292 2685; baseline -0.002 -22"><span class='ocrx_word' id='word_1_125' title='bbox 285 2576 381 2663; x_wconf 83' lang='lat' dir='ltr'>P.</span> <span class='ocrx_word' id='word_1_126' title='bbox 432 2576 793 2663; x_wconf 85' lang='lat' dir='ltr'>Cornelii</span> <span class='ocrx_word' id='word_1_127' title='bbox 846 2576 1242 2685; x_wconf 83' lang='lat' dir='ltr'>Scipionis</span> <span class='ocrx_word' id='word_1_128' title='bbox 1296 2577 1657 2658; x_wconf 84' lang='lat' dir='ltr'>Africani</span> <span class='ocrx_word' id='word_1_129' title='bbox 1705 2576 2002 2666; x_wconf 78' lang='lat' dir='ltr'>secessu</span> <span class='ocrx_word' id='word_1_130' title='bbox 2051 2588 2138 2667; x_wconf 71' lang='grc' dir='ltr'>δε</span> <span class='ocrx_word' id='word_1_131' title='bbox 2171 2592 2292 2675; x_wconf 87' lang='lat' dir='ltr'>se-</span> 
     </span>
    </p>

    <p class='ocr_par' dir='ltr' id='par_1_16' title="bbox 256 2679 2294 3889">
     <span class='ocr_line' id='line_1_21' title="bbox 282 2679 2291 2796; baseline 0.004 -26"><span class='ocrx_word' id='word_1_132' title='bbox 282 2686 603 2796; x_wconf 75' lang='lat' dir='ltr'>pultum</span> <span class='ocrx_word' id='word_1_133' title='bbox 636 2686 1143 2770; x_wconf 87' lang='lat' dir='ltr'>nobilitatum</span> <span class='ocrx_word' id='word_1_134' title='bbox 1164 2744 1188 2781; x_wconf 93' lang='lat'>,</span> <span class='ocrx_word' id='word_1_135' title='bbox 1244 2679 1692 2769; x_wconf 86' lang='lat' dir='ltr'>amiciffimi</span> <span class='ocrx_word' id='word_1_136' title='bbox 1723 2682 1976 2795; x_wconf 86' lang='lat' dir='ltr'>Regis</span> <span class='ocrx_word' id='word_1_137' title='bbox 2007 2694 2291 2778; x_wconf 86' lang='lat' dir='ltr'>volun·</span> 
     </span>
     <span class='ocr_line' id='line_1_22' title="bbox 282 2793 2292 2906; baseline 0.004 -28"><span class='ocrx_word' id='word_1_138' title='bbox 282 2816 449 2878; x_wconf 82' lang='lat' dir='ltr'>tate</span> <span class='ocrx_word' id='word_1_139' title='bbox 522 2793 925 2906; x_wconf 82' lang='lat' dir='ltr'>possidere</span> <span class='ocrx_word' id='word_1_140' title='bbox 988 2796 1337 2905; x_wconf 89' lang='lat' dir='ltr'>coeperit</span> <span class='ocrx_word' id='word_1_141' title='bbox 1376 2853 1404 2893; x_wconf 86' lang='lat'><strong>,</strong></span> <span class='ocrx_word' id='word_1_142' title='bbox 1475 2816 1814 2901; x_wconf 88' lang='lat' dir='ltr'>remque</span> <span class='ocrx_word' id='word_1_143' title='bbox 1879 2817 2292 2906; x_wconf 80' lang='lat' dir='ltr'>paternam</span> 
     </span>
     <span class='ocr_line' id='line_1_23' title="bbox 280 2904 2294 3016; baseline 0.002 -23"><span class='ocrx_word' id='word_1_144' title='bbox 280 2926 554 3016; x_wconf 85' lang='lat' dir='ltr'>aeque,</span> <span class='ocrx_word' id='word_1_145' title='bbox 610 2931 705 2988; x_wconf 85' lang='lat' dir='ltr'>ac</span> <span class='ocrx_word' id='word_1_146' title='bbox 756 2922 1119 2989; x_wconf 85' lang='lat' dir='ltr'>veterem</span> <span class='ocrx_word' id='word_1_147' title='bbox 1172 2930 1509 2988; x_wconf 87' lang='lat' dir='ltr'>avorum</span> <span class='ocrx_word' id='word_1_148' title='bbox 1561 2904 1943 3013; x_wconf 85' lang='lat' dir='ltr'>gloriam,</span> <span class='ocrx_word' id='word_1_149' title='bbox 1994 2908 2294 2997; x_wconf 86' lang='lat' dir='ltr'>mirum</span> 
     </span>
     <span class='ocr_line' id='line_1_24' title="bbox 274 3010 2286 3123; baseline 0.005 -26"><span class='ocrx_word' id='word_1_150' title='bbox 274 3016 363 3098; x_wconf 89' lang='lat' dir='ltr'>in</span> <span class='ocrx_word' id='word_1_151' title='bbox 432 3014 770 3099; x_wconf 89' lang='lat' dir='ltr'>modum</span> <span class='ocrx_word' id='word_1_152' title='bbox 842 3012 1468 3123; x_wconf 79' lang='lat' dir='ltr'>amplificaverit.</span> <span class='ocrx_word' id='word_1_153' title='bbox 1577 3010 1740 3098; x_wconf 91' lang='lat' dir='ltr'>Sed</span> <span class='ocrx_word' id='word_1_154' title='bbox 1774 3076 1799 3115; x_wconf 90' lang='lat'><strong>,</strong></span> <span class='ocrx_word' id='word_1_155' title='bbox 1867 3036 1959 3103; x_wconf 89' lang='lat' dir='ltr'>ut</span> <span class='ocrx_word' id='word_1_156' title='bbox 2011 3044 2286 3107; x_wconf 84' lang='lat' dir='ltr'>rerum</span> 
     </span>
     <span class='ocr_line' id='line_1_25' title="bbox 278 3122 2282 3251; baseline -0 -44"><span class='ocrx_word' id='word_1_157' title='bbox 278 3149 463 3251; x_wconf 81' lang='lat' dir='ltr'>quae</span> <span class='ocrx_word' id='word_1_158' title='bbox 486 3150 593 3209; x_wconf 83' lang='lat' dir='ltr'>ex</span> <span class='ocrx_word' id='word_1_159' title='bbox 640 3122 971 3208; x_wconf 85' lang='lat' dir='ltr'>fortuna</span> <span class='ocrx_word' id='word_1_160' title='bbox 1016 3123 1435 3230; x_wconf 88' lang='lat' dir='ltr'>pendent,</span> <span class='ocrx_word' id='word_1_161' title='bbox 1489 3124 1706 3207; x_wconf 80' lang='lat' dir='ltr'>varia</span> <span class='ocrx_word' id='word_1_162' title='bbox 1745 3128 2282 3217; x_wconf 70' lang='lat' dir='ltr'>commutabi-</span> 
     </span>
     <span class='ocr_line' id='line_1_26' title="bbox 276 3231 2284 3343; baseline 0 -31"><span class='ocrx_word' id='word_1_163' title='bbox 276 3232 375 3314; x_wconf 84' lang='lat' dir='ltr'>hs</span> <span class='ocrx_word' id='word_1_164' title='bbox 422 3258 524 3317; x_wconf 90' lang='lat' dir='ltr'>ue</span> <span class='ocrx_word' id='word_1_165' title='bbox 574 3234 779 3335; x_wconf 71' lang='lat' dir='ltr'>ratio</span> <span class='ocrx_word' id='word_1_166' title='bbox 830 3233 1029 3316; x_wconf 82' lang='lat' dir='ltr'>solet</span> <span class='ocrx_word' id='word_1_167' title='bbox 1079 3231 1277 3330; x_wconf 82' lang='lat' dir='ltr'>effe,</span> <span class='ocrx_word' id='word_1_168' title='bbox 1330 3235 1604 3343; x_wconf 84' lang='lat' dir='ltr'>paucis</span> <span class='ocrx_word' id='word_1_169' title='bbox 1654 3234 1835 3341; x_wconf 87' lang='lat' dir='ltr'>post</span> <span class='ocrx_word' id='word_1_170' title='bbox 1861 3238 2083 3319; x_wconf 83' lang='lat' dir='ltr'>annis</span> <span class='ocrx_word' id='word_1_171' title='bbox 2119 3238 2284 3326; x_wconf 83' lang='lat' dir='ltr'>La-</span> 
     </span>
     <span class='ocr_line' id='line_1_27' title="bbox 277 3340 2280 3449; baseline 0.001 -28"><span class='ocrx_word' id='word_1_172' title='bbox 277 3340 361 3422; x_wconf 87' lang='lat' dir='ltr'>di</span> <span class='ocrx_word' id='word_1_173' title='bbox 428 3366 605 3438; x_wconf 73' lang='lat' dir='ltr'>am,</span> <span class='ocrx_word' id='word_1_174' title='bbox 662 3344 967 3449; x_wconf 84' lang='lat' dir='ltr'>vigenti</span> <span class='ocrx_word' id='word_1_175' title='bbox 1021 3341 1468 3427; x_wconf 80' lang='lat' dir='ltr'>admodum</span> <span class='ocrx_word' id='word_1_176' title='bbox 1523 3362 1800 3439; x_wconf 83' lang='lat' dir='ltr'>aetate,</span> <span class='ocrx_word' id='word_1_177' title='bbox 1871 3346 2100 3430; x_wconf 85' lang='lat' dir='ltr'>nullis</span> <span class='ocrx_word' id='word_1_178' title='bbox 2147 3378 2280 3435; x_wconf 87' lang='lat' dir='ltr'>re..</span> 
     </span>
     <span class='ocr_line' id='line_1_28' title="bbox 276 3444 2280 3563; baseline 0.007 -33"><span class='ocrx_word' id='word_1_179' title='bbox 276 3444 477 3530; x_wconf 74' lang='lat' dir='ltr'>liffls</span> <span class='ocrx_word' id='word_1_180' title='bbox 526 3450 833 3548; x_wconf 85' lang='lat' dir='ltr'>liberis,</span> <span class='ocrx_word' id='word_1_181' title='bbox 887 3448 1219 3534; x_wconf 84' lang='lat' dir='ltr'>excessit</span> <span class='ocrx_word' id='word_1_182' title='bbox 1266 3476 1317 3534; x_wconf 89' lang='lat' dir='ltr'>e</span> <span class='ocrx_word' id='word_1_183' title='bbox 1364 3455 1567 3548; x_wconf 79' lang='lat' dir='ltr'>vita,</span> <span class='ocrx_word' id='word_1_184' title='bbox 1619 3476 1789 3561; x_wconf 89' lang='lat' dir='ltr'>quo</span> <span class='ocrx_word' id='word_1_185' title='bbox 1844 3450 2280 3563; x_wconf 62' lang='lat' dir='ltr'>defuneto,</span> 
     </span>
     <span class='ocr_line' id='line_1_29' title="bbox 256 3551 2276 3669; baseline 0.006 -30"><span class='ocrx_word' id='word_1_186' title='bbox 256 3551 571 3664; x_wconf 79' lang='lat' dir='ltr'>Joanna</span> <span class='ocrx_word' id='word_1_187' title='bbox 618 3556 841 3642; x_wconf 88' lang='lat' dir='ltr'>soror</span> <span class='ocrx_word' id='word_1_188' title='bbox 892 3556 1101 3666; x_wconf 70' lang='lat' dir='ltr'>ejuS,</span> <span class='ocrx_word' id='word_1_189' title='bbox 1158 3558 1584 3667; x_wconf 87' lang='lat' dir='ltr'>impotenti</span> <span class='ocrx_word' id='word_1_190' title='bbox 1638 3565 1906 3644; x_wconf 85' lang='lat' dir='ltr'>animo</span> <span class='ocrx_word' id='word_1_191' title='bbox 1938 3567 2276 3669; x_wconf 80' lang='lat' dir='ltr'>mulier,</span> 
     </span>
     <span class='ocr_line' id='line_1_30' title="bbox 274 3663 2272 3869; baseline -0.002 -118"><span class='ocrx_word' id='word_1_192' title='bbox 274 3667 363 3751; x_wconf 64' lang='grc' dir='ltr'>ἃ.</span> <span class='ocrx_word' id='word_1_193' title='bbox 430 3663 659 3773; x_wconf 77' lang='lat' dir='ltr'><strong>cujus</strong></span> <span class='ocrx_word' id='word_1_194' title='bbox 718 3692 985 3753; x_wconf 86' lang='lat' dir='ltr'>mores</span> <span class='ocrx_word' id='word_1_195' title='bbox 1058 3668 1496 3781; x_wconf 87' lang='lat' dir='ltr'>plurimum</span> <span class='ocrx_word' id='word_1_196' title='bbox 1543 3697 1588 3753; x_wconf 83' lang='lat' dir='ltr'>a</span> <span class='ocrx_word' id='word_1_197' title='bbox 1635 3669 2004 3759; x_wconf 83' lang='lat' dir='ltr'>fraternis</span> <span class='ocrx_word' id='word_1_198' title='bbox 2053 3674 2272 3869; x_wconf 44' lang='lat' dir='ltr'>{bes-</span> 
     </span>
     <span class='ocr_line' id='line_1_31' title="bbox 2095 3808 2274 3889; baseline 0.022 -23"><span class='ocrx_word' id='word_1_199' title='bbox 2095 3808 2274 3889; x_wconf 88' lang='lat' dir='ltr'>ent,</span> 
     </span>
    </p>
   </div>
  </div>
 </body>
</html>
