2802 4532
768 396 1107 522 HIER.
1156 393 1856 485 AMAL'THEI.
2133 426 2302 513 1345

272 551 547 637 ,Altera
574 552 877 629 Castaliis
910 580 1055 634 non
1080 550 1183 627 est
1208 548 1566 653 incognita
1598 548 1858 638 Mutis,

308 654 411 727 Et
453 653 628 727 facili
658 654 901 727 didicit
936 654 1237 727 calamos
1263 650 1506 725 inflare
1531 648 1806 722 labello.

3 746 12 826 b
310 748 498 827 Haec
528 752 831 825 animum
850 800 877 845 ‚
930 752 1005 823 &c
1036 772 1257 822 mores
1288 748 1360 821 in
1394 768 1466 823 te
1499 750 1824 819 admirata
1854 744 2144 821 Catonis

4 849 9 864 ’
310 846 489 925 Non
522 849 805 923 obscura
838 872 977 921 tuae
1009 846 1303 920 referens
1342 847 1691 945 praeconia
1722 844 1934 917 laudis
2215 843 2309 941 '15

308 944 425 1017 Te
454 971 695 1021 canere
729 948 1054 1043 incipiet.·
1108 966 1347 1017 vocem
1384 943 1596 1016 modo
1631 942 1846 1014 dulcis
1889 964 2125 1015 avenae

191 1124 202 1136 ,
311 1040 491 1115 Non
520 1045 776 1117 adimat
799 1046 1033 1141 jejuna
1068 1040 1321 1133 fames,
1372 1040 1540 1113 dirae
1570 1042 1814 1113 aemula
1849 1040 2112 1112 mortis.

190 1221 199 1231 ‚
308 1139 505 1213 Nam
544 1139 821 1213 fimuiac
854 1142 1067 1213 sulcos
1098 1140 1269 1211 mihi
1306 1139 1626 1213 contudit
1659 1138 1930 1210 horrida
1963 1138 2263 1236 grande,

309 1238 703 1311 Seminibus
743 1262 897 1335 quae
930 1235 1128 1337 paene
1160 1259 1395 1308 ornnes
1433 1238 1730 1307 viduavit
1759 1237 2020 1325 aristaS,

308 1332 531 1422 Quod
564 1338 900 1432 reliquum
936 1336 1209 1409 Cereris
1238 1334 1464 1405 cultor
1495 1336 1668 1407 mihi
1705 1333 2010 1433 pauperis
2035 1336 2182 1431 agri
2215 1354 2308 1409 20

306 1428 611 1531 Legerat
630 1486 655 1524 ‚
704 1434 1003 1505 externis
1035 1455 1261 1529 cogor
1290 1430 1685 1529 consumere
1721 1431 1963 1505 menfis
1985 1482 2012 1522 ‚

309 1528 411 1601 Et
441 1522 649 1602 cubat
693 1552 848 1603 ante
877 1556 1063 1619 meos
1096 1524 1364 1629 gracilis
1396 1531 1673 1623 penuria
1703 1533 1954 1626 postes·

412 1626 677 1727 Magne
707 1630 975 1720 Heros‚
1028 1630 1287 1703 Astraia
1314 1624 1438 1697 suo
1472 1650 1672 1723 quem
1711 1628 1974 1701 neckare
2003 1627 2263 1720 nutrit,

303 1721 681 1895 Pallenqlem
710 1726 988 1799 esuriem
1018 1726 1259 1828 procul
1286 1726 1450 1796 hinc
1480 1746 1745 1816 averte,
1797 1750 1922 1797 nec
1957 1747 2141 1795 aures

307 1820 493 1893 Tam
528 1848 573 1919 p
602 1826 821 1895 acidas
852 1822 1142 1897 occlude
1182 1826 1385 1913 meis,
1439 1823 1792 1917 Auguste,
1843 1821 2150 1919 querelis
2211 1844 2307 1917 25

304 1916 483 2009 Sed,
534 1920 707 1993 mihi
744 1947 905 2021 quas
935 1924 1101 1995 olim
1136 1944 1349 2022 parvo
1380 1918 1707 1993 conceffit
1738 1919 1962 2023 agello

246 2062 251 2067 -
304 2014 693 2093 Coelituum
734 2022 984 2117 pietas,
1017 2044 1149 2092 ’me
1180 2019 1494 2118 frugibus
1521 2042 1742 2091 annue
1774 2018 1996 2109 vesci,

299 2114 417 2187 Te
446 2138 599 2189 mea
634 2120 999 2215 progenies
1032 2116 1195 2189 exili
1232 2139 1408 2189 voce
1439 2136 1776 2211 precatur.

299 2210 534 2302 Exin,
584 2238 739 2290 nam
778 2218 981 2314 longa
1014 2214 1337 2288 hebetant
1361 2212 1624 2312 jejunia
1655 2210 1872 2302 vire⁸S‚

301 2310 401 2385 Et
432 2307 690 2384 misera:
715 2315 1059 2410 incipiunt
1082 2311 1319 2385 senfim
1348 2309 1688 2385 tabescere
1723 2309 1967 2384 Musae.
2219 2333 2308 2412 30
2421 2364 2428 2372 ·

178 2514 183 2523 ·
295 2572 303 2589 ,
422 2502 583 2578 AD
653 2477 1421 2579 DOMINICUM
1486 2503 2199 2590 VENERIUM.

448 2697 599 2770 lene
636 2695 796 2772 Deo
833 2717 1059 2790 vates,
1106 2698 1313 2770 atavis
1346 2698 1700 2774 Heroibus
1726 2723 1923 2793 orte,

296 2715 429 2880 P
454 2797 761 2892 Elargita
794 2793 981 2867 suum
1021 2797 1263 2894 quibus
1302 2797 1399 2869 est
1435 2797 1672 2872 Venus
1707 2825 1901 2872 aurea
1933 2822 2229 2896 nomen,

299 2897 503 2968 Dum
538 2891 791 2964 Tuscae
820 2894 1142 2990 clangore
1184 2893 1411 2986 tubat,
1461 2896 1624 2970 dum
1657 2898 1944 2970 fulmine
1976 2899 2230 3000 lingua:

298 2991 515 3065 Irruis
543 2992 613 3061 in
656 2991 937 3088 pavidos
973 2991 1183 3064 veluti
1210 2991 1393 3081 faeno
1426 2995 1700 3092 agmine
1731 2997 2078 3092 Thracas,

188 3105 193 3126 ¹
296 3089 397 3162 Et
435 3113 621 3162 nova
660 3110 1040 3186 pugnantes
1070 3115 1279 3164 armas
1309 3091 1379 3162 in
1415 3091 1648 3189 praelia
1680 3093 1951 3184 Μυίας,
2253 3115 2302 3193 5

14 3217 25 3229 ·
293 3187 523 3258 Trans
570 3185 1133 3284 Solymos‘fineS‚
1182 3189 1357 3261 ultra
1386 3189 1722 3262 cunabula
1759 3189 1920 3262 Nili

3 3223 25 3362 i
180 3341 189 3350 .
290 3283 579 3380 'Effugit
606 3306 953 3362 extremos
986 3283 1169 3356 Afiae
1198 3308 1518 3384 regnator
1551 3285 1634 3358 ad
1673 3287 1918 3379 Indue,

4 3400 15 3436 ι
300 3379 401 3449 Et
432 3383 717 3471 pernicis
750 3385 910 3480 equi
940 3382 1203 3454 fodiens
1232 3382 1604 3456 calcaribus
1635 3407 1857 3454 armos

3 3437 15 3521 ἶ
213 3541 244 3579 n
298 3472 547 3546 Fertur
574 3478 643 3548 in
672 3481 975 3552 occultas
1002 3503 1125 3576 per
1154 3479 1491 3576 inhospita
1519 3480 1722 3552 lustra
1752 3479 2054 3563 latebras.

4 3517 70 3644 f
301 3569 385 3642 N
392 3577 891 3662 amqueaudita
918 3595 1057 3648 tuae
1085 3580 1296 3676 magis
1327 3579 1442 3649 ille
1473 3579 1777 3650 tonitrua
1805 3581 1994 3652 vocis
2205 3608 2290 3658 10

296 3667 613 3741 Perditus
642 3670 1007 3768 horrescit,
1056 3697 1259 3774 quam
1292 3699 1458 3850 σξη]
1491 3675 1890 3760 victricibus
1921 3678 2123 3752 armis

1450 3795 1498 3870 5·
2015 3777 2287 3875 Tergeg-
