2802 4532
643 375 809 472 Jo.
857 371 1190 451 BAPT.
1239 367 1941 454 AMALTH-EI.
2145 381 2300 482 '425

383 521 557 598 Nec
583 519 1104 620 poterunt-ullae
1132 535 1206 590 te
1231 539 1557 592 revocare
1582 518 1866 618 preces?

288 619 577 696 Scilicet
616 621 690 691 in
717 619 1036 692 volucres
1070 616 1320 690 abeunt
1333 617 1646 717 perjuria
1675 637 1958 710 νοηεοε,
2250 639 2301 714 5

388 723 537 792 Aut
573 737 796 792 mutos
826 713 1048 812 superi
1081 737 1222 786 non
1249 714 1895 788 memineredolos?

287 816 575 893 Scilicet
601 812 778 890 alma
817 813 1054 885 Venus
1085 809 1341 884 miserae
1379 812 1519 884 hoc
1554 811 1871 910 promisit
1902 815 2202 910 amanti,

349 948 359 957 -
389 917 496 992 Ut
533 914 840 1012 primum
871 910 1057 982 socio
1083 911 1318 1008 junxit
1352 929 1724 1008 utrumque
1757 910 1968 986 toro?
2254 917 2271 930 '

287 1012 618 1110 Cumque
640 1008 828 1081 fores
857 1008 1124 1107 ingrate
1161 1011 1326 1082 meis
1360 1007 1655 1082 donatus
1686 1009 1922 1084 ocellis

387 1112 556 1182 Heu
589 1125 786 1204 potes
815 1107 1065 1204 ignoto
1105 1107 1382 1180 tendere
1421 1107 1571 1178 vela
1596 1106 1819 1180 mari?
2218 1133 2305 1186 ιο

283 1207 403 1282 Ac
435 1206 650 1279 viduo
677 1203 884 1276 solam
919 1205 1228 1277 thalamo
1261 1203 1525 1300 liquiffe
1555 1207 1853 1297 puellam

387 1299 704 1394 Perfide,
751 1301 828 1376 δε
862 1303 1216 1400 amplexus
1243 1301 1611 1374 destituisse
1646 1303 1885 1377 meos?

285 1399 485 1490 Vos,
535 1426 584 1472 o
625 1422 790 1492 vos»,
834 1399 1066 1474 saltem
1096 1400 1324 1500 pelagi
1357 1397 1757 1476 miserescite
1791 1403 2203 1503 Nymphae,

386 1497 708 1597 AEquom
756 1521 841 1571 ue
872 1497 1148 1572 insuetis
1177 1498 1405 1572 tollite
1435 1496 1649 1570 vestra
1680 1501 1901 1572 minis.
2304 1561 2331 1583 .,

286 1594 620 1672 Protinus
648 1595 669 1666 i
745 1615 993 1710 urgant
1025 1597 1374 1670 horrentia
1408 1593 1706 1668 monstra
1740 1593 2087 1694 profundo
2104 1649 2130 1692 ,
2212 1620 2304 1702 1¹5

201 1776 217 1789 .
387 1693 486 1766 Et
517 1693 807 1793 puppim
841 1694 1088 1768 msanis
1115 1692 1425 1768 obstruat
1459 1691 1709 1768 Auster
1736 1696 1951 1795 aquis.

287 1789 425 1863 Ine·
455 1811 688 1865 tamen
720 1791 962 1867 mediis
989 1793 1368 1888 lacrymans
1393 1813 1507 1862 me
1541 1791 1912 1889 clametab
1936 1787 2185 1894 ‘undis‚

381 1888 484 1962 Et
515 1913 604 1963 cu
658 1889 757 1963 iat
781 1890 1020 1963 nostro
1047 1887 1111 1963 se
1141 1887 1448 1964 refovere
1482 1887 1655 1964 finu.
1805 1898 1807 1900 ’

285 1983 594 2062 Illiusve.
631 2013 754 2062 uos
788 1987 1074 2087 scopulo
1107 1985 1388 2088 suspiret
1411 2011 1714 2079 amora,

377 2086 490 2158 Ac
521 2085 764 2161 frustra
792 2087 1115 2184 imploret
1140 2090 1287 2183 jam
1321 2087 1697 2160 moriturus
1724 2105 1959 2183 opem.
2204 2095 2297 2162 το

279 2179 456 2256 Neu
491 2183 616 2277 fit,
664 2207 822 2283 quae
856 2187 1080 2283 patrio
1117 2183 1397 2258 tandem
1431 2201 1624 2285 tegat
1656 2182 1794 2258 offa
1824 2181 2185 2280 sepulchro
2203 2238 2231 2282 ,

383 2278 526 2350 Vel
554 2282 810 2353 condat
843 2280 1061 2352 multa
1088 2304 1340 2379 corpus
1371 2284 1569 2353 inane
1599 2280 1764 2353 roffi.
1961 2343 1972 2351 .

282 2372 426 2449 Sed
462 2374 638 2447 mihi
667 2395 1039 2473 perpetuos
1069 2398 1196 2447 cur
1221 2400 1409 2449 nunc
1438 2374 1767 2451 malesana
1797 2374 2069 2455 dolores

387 2470 784 2566 Imprecer?
832 2490 954 2543 aut
984 2490 1227 2543 contra
1254 2471 1543 2545 fundere
1574 2473 1779 2545 verba
1806 2476 2052 2569 juvet?

279 2567 392 2645 Di
431 2569 674 2661 maris,
719 2590 1082 2665 aequoreos
1117 2568 1396 2662 placidis
1428 2566 1848 2641 consternite
1880 2588 2160 2669 campos
2209 2600 2301 2677 25

381 2663 783 2760 Fluctibus,
835 2665 912 2739 δε
945 2664 1233 2765 zephyri
1267 2684 1611 2763 temperet
1636 2690 1793 2739 aura
1821 2682 2074 2745 ratem«

276 2764 397 2838 En
427 2785 620 2859 parat
653 2764 730 2835 in
757 2787 846 2836 cu
899 2762 1038 2835 idas
1067 2786 1425 2843 accurrere
1451 2766 1769 2863 conjugis
1796 2763 1987 2842 ulnas

371 2860 676 2950 Miti6r‚
727 2862 804 2935 δε
833 2788 1066 2935 ἐξὶἰῐοε
1095 2886 1368 2937 mecum
1406 2865 1648 2937 iterare
1666 2866 1895 2965 jocos.

269 2963 378 3041 At
411 2976 494 3033 tu
524 2958 841 3036 defessam
881 2961 1080 3033 terris
1110 2962 1375 3058 appelle
1404 2964 1745 3057 carinam,

375 3058 642 3131 Nauta.
689 3058 858 3157 quid
886 3060 1170 3135 invitam
1205 3062 1490 3161 cogitur
1514 3062 1615 3135 ire
1642 3060 1870 3137 viam?
2208 3082 2299 3160 30

277 3154 462 3232 Non
499 3180 584 3229 ne
615 3158 852 3245 vide83
901 3178 1087 3230 retro
1173 3160 1558 3254 roperantia
1587 3157 1835 3233 saecula
1874 3158 2101 3231 verti?

378 3250 477 3325 Et
509 3254 862 3329 madidum
899 3254 1067 3329 adve
1128 3282 1176 3327 o
1203 3256 1475 3356 surgere
1509 3256 1595 3331 ab
1626 3278 1757 3331 axe
1793 3254 2131 3329 Notum?

281 3347 530 3437 Saeve,
582 3351 1024 3429 relufilmntem
1062 3356 1262 3427 terris
1296 3354 1567 3451 appelle
1592 3376 1941 3445 cannam,

385 3444 458 3515 Si
492 3446 1115 3547 poll‘unt-lacrymae
1151 3449 1340 3523 surda
1370 3474 1653 3524 movere
1678 3450 1877 3523 freta.

277 3542 472 3623 Ecce
488 3560 722 3635 graves
749 3565 1020 3621 mecum
1051 3548 1411 3645 geminant
1436 3546 1592 3619 haec
1610 3548 1847 3621 littora
1862 3548 2171 3647 questu8‚
2197 3572 2289 3657 35

373 3638 475 3715 Et
505 3634 824 3715 consueta
855 3641 1054 3717 fimnl
1087 3644 1409 3744 plangere
1434 3642 1585 3720 saxa
1610 3645 1869 3721 dolent.
1871 3700 1891 3741 ,

1334 3738 1475 3850 Dd
1518 3764 1569 3847 5
2136 3739 2287 3845 lpse.

1301 4016 1311 4023 .
1437 3858 1591 3986 nr
