2802 4532
515 408 566 501 8
813 410 1010 491 DE
1101 402 1666 485 PARTU
1760 402 2217 487 VIRG.·

517 556 788 632 Omnia
801 554 968 631 dum
987 552 1336 657 trepidant
1351 608 1378 651 ‚
1428 549 1807 629 discesserat
1823 607 1849 647 ,
1866 554 2139 656 altaque
2148 554 2357 633 nabat
2373 589 2386 601 -
2404 578 2499 635 20

517 654 656 729 Per
684 658 835 731 loca
850 707 877 750 ,
927 679 1093 729 cum
1139 654 1350 753 virgo
1379 650 1579 725 cellis
1610 654 1686 725 in
1716 652 2012 727 nubibus
2046 655 2244 729 illum
2490 684 2501 723 ε

519 754 1004 830 Alternantem
1022 754 1349 827 humeros
1365 750 1561 825 videt
1576 801 1603 844 ,
1635 768 1841 852 atque
1860 752 2185 829 immensa
2200 754 2555 833 secantem

519 848 928 927 Ventorum
955 850 1208 950 spatia,
1255 851 1331 925 &
1349 854 1499 951 jam
1528 848 1941 924 versicolore
1966 876 2090 950 per
2123 876 2313 927 auras

517 949 942 1051 Fulgentem
973 950 1248 1049 pluma,
1291 974 1374 1023 ac
1404 948 1575 1023 coeli
1608 971 1923 1023 convexa
1954 970 2334 1049 petentem.

519 1044 762 1143 Quem
791 1051 1076 1123 demum
1098 1046 1219 1121 tali
1237 1046 1625 1149 adspectans
1640 1047 1951 1121 sermone
1966 1049 2193 1124 secuta
2209 1048 2347 1123 est:
2402 1070 2551 1125 κιο

517 1146 795 1261 Magne
821 1147 994 1240 alen,
1044 1144 1210 1221 celfi
1244 1146 1457 1221 decus
1484 1146 1806 1238 aetheris,
1856 1146 2045 1221 invia
2074 1172 2304 1223 rerum

519 1240 670 1339 Qu
705 1268 1054 1352 penetras,
1105 1246 1456 1413 lonsseque
1502 1244 1576 1317 &
1606 1245 1841 1319 nubila
1870 1244 2164 1345 linquis,
2212 1247 2291 1323 δί
2324 1244 2554 1319 Euros

516 1347 982 1437 antevolans,
1033 1346 1208 1415 laeto
1265 1366 1352 1415 eu
1376 1361 1452 1414 te
1480 1340 1711 1414 felicia
1740 1343 1965 1417 metu

517 1442 758 1517 Sidera
776 1495 803 1533 ,
852 1462 1148 1541 quaeque
1185 1437 1336 1513 suos
1365 1437 1747 1513 volvuntur
1780 1439 1972 1539 figna
2000 1468 2125 1540 per
2152 1443 2381 1521 orbeis

513 1538 923 1636 Expectant
955 1538 1398 1612 redeuntem:
1450 1534 1567 1609 alti
1598 1533 1711 1607 seu
1741 1557 1933 1609 certa
1964 1539 2265 1635 reposcit
2403 1558 2547 1636 215

517 1634 902 1734 Chrystalli
931 1634 1222 1725 domus,
1273 1632 1350 1709 &
1377 1634 1575 1707 vitrei
1610 1634 1813 1733 plaga
1845 1632 2075 1708 lucida
2104 1638 2343 1735 regni:

513 1732 656 1806 Seu
688 1734 1014 1832 propiora
1039 1752 1294 1807 vocant
1325 1731 1647 1831 supremo
1674 1732 1857 1808 tecta
1884 1734 2238 1826 Tonanti,

403 1896 412 1916 ,
515 1828 688 1926 Qa
721 1850 911 1931 patet
943 1831 1013 1907 in
1043 1830 1390 1909 summum
1424 1832 1623 1931 regio
1660 1832 2077 1909 flammantis
2106 1830 2417 1933 olympi,
2540 1836 2555 1853 ⁸

511 1926 772 2029 Teque
803 1954 1042 2025 amor,
1093 1930 1472 2032 &liquidis
1513 1931 1804 2031 flagrans
1831 1931 1954 2004 alit
1984 1930 2261 2031 ignibus
2290 1952 2492 2003 aura:

509 2024 553 2103 1
587 2052 874 2126 precor,
925 2032 952 2104 i
982 2029 1290 2103 nostrum
1323 2027 1515 2104 testis
1542 2027 1833 2103 defende
1856 2027 2221 2125 pudorem.
2400 2048 2543 2102 220

512 2126 598 2203 N
607 2150 690 2199 ec
725 2126 916 2225 plura
947 2127 1088 2201 his:
1144 2144 1298 2201 tum
1332 2151 1503 2202 vero
1516 2129 1737 2202 aciem
1754 2126 2109 2221 deflectit,
2158 2126 2547 2219 &omneig

510 2224 729 2302 Haud
763 2248 998 2322 mora,
1045 2226 1346 2300 sollicito
1371 2228 1714 2326 percurrit
1746 2227 2009 2302 lumine
2036 2226 2371 2302 monteis:

512 2325 1002 2498 ffnatamque
1033 2327 1268 2400 animo
1283 2321 1326 2420 ,’
1361 2346 1841 2426 conceptaque
1864 2327 2161 2426 pignora
2184 2323 2401 2399 versat
2416 2377 2447 2418 ,

613 2423 754 2496 ulta
785 2443 1060 2521 putans:
1112 2422 1471 2524 serumque
1496 2427 1676 2498 uteri
1710 2426 1999 2499 miratur
2028 2427 2396 2500 honorem.

617 2523 885 2596 Interea
913 2524 1172 2595 mancis
1211 2521 1563 2595 descendit
1594 2523 1807 2596 Fama
1832 2521 1952 2595 sub
1986 2523 2205 2616 imos,
2402 2539 2546 2619 225

507 2617 1006 2720 Pallenteisque
1035 2619 1286 2694 domos
1321 2621 1497 2694 veris
1524 2620 1916 2694 rumoribus
1952 2620 2241 2717 implet:

509 2718 866 2816 Optatum
899 2718 1268 2794 adventare
1299 2718 1485 2792 diem
1505 2770 1531 2811 ,
1581 2743 1729 2818 quo
1770 2715 1991 2793 tristia
2024 2719 2345 2820 linquant

505 2814 847 2909 Tartara,
895 2816 972 2892 δί
997 2815 1238 2892 evictis
1281 2815 1556 2915 fugiant
1596 2817 2005 2890 Acheronta
2036 2817 2377 2911 tenebris,

509 2912 1038 3013 Immanemque
1073 2915 1454 3006 ululatum,
1500 2913 1579 2988 ὃ(
1604 2938 1749 2988 non
1779 2913 2075 2987 laetabile
2109 2935 2427 2988 murmur

509 3012 928 3110 Tergemini
957 3011 1175 3087 canis:
1223 3012 1506 3087 adverso
1535 3015 1651 3112 qui
1686 3012 1973 3084 carceris
2008 3030 2212 3085 antro
2392 3031 2537 3110 230

511 3107 845 3184 Excubat
873 3109 1200 3184 insomnis
1231 3109 1539 3210 semper,
1590 3109 1904 3280 rietupue
1932 3107 2211 3183 trifauci

509 3205 970 3283 Hor-rendum
989 3261 1016 3303 ,
1067 3209 1467 3283 stimulante
1486 3207 1709 3300 fame,
1789 3207 1883 3283 ub
1916 3205 2122 3282 noete
2198 3203 2488 3289 rofunda
2594 3262 2602 3276 .

507 3303 879 3396 Personat,
931 3307 1008 3380 δε
1037 3306 1267 3380 morsu
1299 3308 1681 3382 venienteis
1717 3306 1987 3406 adpetit
2018 3329 2139 3379 um
2195 3327 2317 3380 ras·

511 3405 710 3476 Turn
741 3427 910 3478 vero
937 3406 1180 3478 hero‘e‘s
1211 3398 1436 3480 laetati
1455 3458 1481 3500 ‚
1530 3405 1918 3503 animaeque
1953 3404 2231 3504 piorum

509 3499 628 3580 Ad
661 3502 921 3576 coelum
951 3503 1206 3578 erectas
1231 3523 1609 3604 coeperunt
1638 3504 1920 3576 tendere
1948 3502 2236 3600 palmas:
2388 3519 2478 3600 23
2488 3519 2537 3600 5

511 3604 753 3696 Atque
791 3599 908 3674 hic
939 3599 1221 3700 inlignis
1245 3601 1502 3695 funda,
1554 3601 1955 3698 citharaque
1982 3599 2321 3694 decoruS,

511 3697 812 3805 lnfignis
835 3697 1107 3802 sceptro
1133 3698 1354 3780 senior
1375 3750 1403 3797 ,
1450 3723 1577 3808 per
1602 3723 1821 3802 opaca
1846 3699 2171 3778 locorum
2328 3795 2405 3874 D

584 3804 612 3834 ⁶
2410 3815 2527 3872 um
