2802 4532
581 424 590 443 ·
741 388 1833 537 ΗιΕκζΑΜᾼῑΤΗΕῙε.
2130 398 2281 532 325
2390 491 2395 497 .
2492 380 2499 387 ’

259 574 670 667 Ebiberim,
715 573 954 647 resona
981 592 1124 643 non
1154 592 1270 641 me
1297 564 1641 642 testudine
1664 586 1849 642 vatos

267 676 694 765 Threicius,
747 696 890 745 non
921 694 1036 742 me
1075 686 1425 745 concentu
1452 668 1688 741 vincet
1728 669 1972 743 Arion.
2186 696 2283 773 50

271 778 382 853 Et
415 772 726 875 quamvis
753 790 874 843 tua
915 769 1094 840 clara
1120 790 1286 838 auro
1304 819 1328 858 ‚
1377 787 1498 839 tua
1532 762 1762 837 lueida
1792 770 2087 867 gemmis

269 877 478 949 Atria
517 869 810 945 Paeonio
835 890 978 938 non
1019 864 1150 937 fint
1181 864 1483 939 adeunda
1516 866 1796 961 poe'tae,
2144 910 2155 936 .

265 972 448 1047 Nec
480 967 814 1044 tremulos
844 964 1134 1062 gtess‘us5
1186 964 1466 1036 hebetes
1496 984 1626 1033 nec
1649 979 1926 1036 vertere
1956 964 2053 1038 fas
2088 964 2173 1039 fit

257 1072 360 1145 In
395 1090 474 1144 te
505 1066 790 1155 oculos,
841 1084 974 1134 nec
1002 1060 1176 1135 ferre
1205 1062 1340 1133 tuis
1375 1071 1597 1158 prona
1626 1056 1853 1134 oscula
1888 1062 2181 1156 Plantis,

257 1167 594 1243 Forfitan
621 1185 712 1235 ex
739 1162 878 1233 alta
906 1184 1020 1232 me
1051 1160 1356 1231 Turi-ius
1387 1180 1543 1230 arce
1570 1177 1931 1231 canentem
2202 1186 2293 1265 55

265 1265 582 1353 Audiet,
633 1260 710 1333 δί
741 1257 1028 1330 cithara:
1061 1256 1362 1329 sonitum
1397 1255 1769 1354 cognoscet
1800 1258 2133 1333 eburnae.·
2271 1285 2285 1297 ·

263 1360 598 1436 Forfitan
631 1357 748 1429 ille
777 1355 962 1429 idem
995 1355 1308 1453 Tarpeio
1335 1354 1411 1447 jn
1446 1355 1743 1444 vertice,
1796 1354 1847 1426 fi
1882 1378 2023 1431 non

275 1458 536 1533 Vivaci
565 1478 654 1529 ex
689 1453 940 1526 hedera
956 1504 980 1544 ,
1032 1474 1172 1525 non
1201 1452 1244 1523 ὁ
1275 1452 1575 1525 Peneide
1606 1450 1889 1544 fronde,

272 1556 396 1631 Ex
429 1553 678 1639 humili
703 1551 955 1625 sertum
983 1548 1217 1624 saltem
1249 1550 1429 1623 mihi
1461 1568 1655 1623 texet
1686 1550 1973 1623 hibilco.

272 1712 666 1852 PRECES
715 1768 1192 1843 CHRISTO
1245 1768 1469 1843 DEO
1521 1769 1906 1847 FACTAE
1936 1804 1963 1859 3
2038 1774 2293 1853 DUM

535 1868 766 1944 PIUS
821 1869 919 1944 V.
972 1866 1294 1948 PONT.
1345 1868 1609 1942 MAX.
1658 1870 2017 1947 SACRIS
2300 1926 2307 1933 .

542 1996 571 2007 “
654 1958 666 1976 ’
903 1964 1657 2041 OPERARETUR.
2032 1974 2045 1987 ”

459 2192 582 2241 um
595 2168 756 2241 Pius
773 2166 888 2239 ille
907 2167 1136 2241 Heros
1150 2221 1172 2257 ‚
1199 2190 1338 2264 quo
1355 2128 1584 2239 Priiaci
1592 2192 1679 2266 pe
1692 2170 1928 2278 Roma
1944 2146 2281 2274 superbit,

267 2184 443 2349 D
467 2266 564 2338 Et
594 2269 713 2364 qui
753 2283 1002 2362 pacato
1033 2265 1196 2338 Diis
1229 2264 1519 2338 aetnulus
1548 2264 1841 2366 imperat
1869 2269 2067 2366 orbi,

272 2363 614 2438 Concinit
643 2383 802 2432 ante
832 2378 1017 2449 aras3
1069 2363 1190 2432 vos
1229 2388 1315 2453 0,
1366 2387 1535 2462 quos
1564 2363 1761 2438 fonte
1790 2365 2034 2438 salubri

271 2459 526 2532 Abluit
559 2455 736 2529 alma
765 2455 1000 2548 Fides,
1054 2457 1332 2554 hymnis
1371 2459 1705 2530 advertite
1738 2483 2062 2535 mentem.

271 2557 406 2630 Ille
437 2554 607 2625 nihil
637 2554 930 2625 mortale
960 2553 1196 2625 sonans
1227 2553 1620 2628 coelestibus
1655 2555 1821 2626 orsis
2133 2562 2148 2582 ⁸
2240 2587 2287 2659 5

271 2651 698 2727 AEthcreum
735 2673 967 2750 regem
1003 2651 1417 2750 alloquitur,
1470 2653 1583 2748 qui
1615 2651 1888 2724 cardine
1920 2655 2005 2729 ab
2031 2653 2171 2728 alto
2272 2693 2281 2704 ·

271 2749 628 2826 Dulcibus
651 2750 942 2821 intentas
973 2745 1258 2822 adhibet
1282 2747 1737 2821 concentibus
1763 2773 1973 2828 aures,
2242 2762 2249 2770 '

373 2848 510 2923 Sed
537 2847 849 2948 geminas
884 2848 1116 2920 Heros
1143 2841 1308 2920 du‘m
1347 2847 1537 2920 tollit
1590 2847 1671 2920 ad
1709 2831 2287 2950 aethera‘palmds‚
2448 2816 2468 2931 ,ἱ

267 2948 373 3024 Et
405 2947 637 3020 divina
665 2944 876 3017 refert
906 2946 1070 3020 exili
1101 2945 1306 3018 verba
1340 2943 1636 3040 susurm,

264 3045 488 3120 Unde
521 3065 634 3118 tot
663 3064 1034 3142 erumpunt
1069 3043 1286 3116 radii?
1333 3066 1459 3116 cur
1490 3043 1722 3118 nobile
1750 3047 2092 3147 templum
2196 3071 2285 3122 ιο

266 3143 470 3219 Luce
508 3167 730 3234 nova,
782 3167 910 3214 cur
939 3143 1101 3216 Sole
1131 3165 1317 3215 novo
1353 3140 1634 3218 delubra
1664 3146 2071 3223 coruscant?

365 3245 442 3314 O
477 3239 752 3340 stupido
781 3239 1078 3340 suspensa
1109 3245 1342 3313 animo
1375 3241 1934 3334 Natura,·beati

267 3337 590 3410 Luminis
621 3335 944 3412 ‘mcaffiam
981 3339 1353 3436 primordia
1384 3337 1569 3411 noss‘e
1598 3341 1901 3434 laboras,

267 3433 607 3519 Incaffum
641 3459 918 3508 exerces
947 3436 1168 3510 fallaci
1201 3435 1356 3508 inda
1412 3437 1520 3510 ine
1548 3437 1895 3512 mentem!

91 3545 108 3554 ”
267 3531 461 3606 Haec
491 3553 724 3604 arcana
759 3553 900 3606 tuae
937 3559 1076 3608 non
1105 3534 1340 3607 intelle
1411 3560 1450 3606 a
1482 3537 1866 3630 Minervae,
2186 3561 2273 3640 15

151 3631 158 3638 ’
267 3629 354 3704 N
357 3651 400 3700 e
427 3626 667 3701 frustra
691 3628 1048 3726 speculare.
1099 3633 1335 3726 Deus,
1387 3633 1585 3706 Deus
1609 3635 1869 3709 aethere
1899 3633 1987 3710 ab
2017 3633 2161 3714 alto

263 3727 628 3828 Exiguum
665 3726 888 3802 Castae
921 3729 1190 3805 Cereris
1215 3729 1561 3903 defendit
1592 3734 1669 3807 iu
1700 3734 1941 3808 orbem
2180 3831 2246 3906 E

1400 3850 1449 3927 5'
2248 3849 2283 3910 t
