2802 4532
500 449 664 536 500
909 417 2098 514 SANNAZARII

496 570 882 659 cruciare.
990 572 1081 662 In
1148 595 1371 657 tanta
1421 574 1665 682 igitur
1716 575 2148 670 acerbitate
2201 581 2514 686 postre-

494 707 719 768 mum
796 679 989 768 illud
1058 673 1546 768 adolescenti
1598 683 2050 793 perfugium
2095 690 2513 800 relinque·

494 791 769 893 batur,
842 792 1095 900 plenis
1146 794 1661 902 querelarum
1714 795 2206 880 carminibus·
2238 801 2512 884 modo

325 1008 335 1016 .
402 969 413 978 ,
490 901 909 986 levitatem
957 901 1215 998 suam,
1273 901 1529 986 modo
1575 904 1864 1012 puella
1895 907 2450 992 crudelitatem
2479 967 2512 1006 ,

490 1012 751 1096 modo
802 1011 1154 1102 fortunae
1198 1005 1366 1095 vim
1411 1035 1656 1122 atque
1727 1014 2154 1122 imperium
2191 1015 2516 1102 accusa-

490 1145 649 1216 re;
724 1121 953 1232 quod
1026 1119 1366 1231 quidem
1413 1122 1742 1231 egregie
1791 1121 2158 1232 praestitit
2209 1151 2516 1238 magno

492 1225 962 1314 breviorum
1028 1236 1498 1337 poematum
1553 1255 1902 1316 numero
1930 1289 1959 1328 ‚
2027 1233 2178 1319 hac
2229 1259 2514 1320 recen·

488 1337 685 1423 tiori
736 1335 1000 1424 Italica
1044 1341 1311 1450 lingua
1349 1341 1878 1452 scriptorum,
1913 1367 2120 1456 aquae
2159 1347 2508 1430 maxime

494 1449 861 1532 omnium
896 1447 1199 1532 Latino
1230 1451 1786 1560 epigrammati
1821 1451 1952 1537 res
1991 1454 2313 1538 ondere
2343 1458 2510 1540 exi-

494 1555 934 1644 stimantur·
1042 1557 1298 1644 Aliud
1348 1561 1598 1643 etiam
1637 1557 1895 1670 genus
1957 1567 2510 1673 requentavit,

492 1669 817 1779 argutis·
840 1665 1416 1777 concinnisque
1461 1667 1872 1756 sententiis
1923 1699 2114 1756 cum
2154 1672 2510 1784 superio·

486 1803 581 1861 re
626 1781 799 1864 fere
835 1775 1371 1879 conveniens,
1423 1779 1652 1891 quod
1687 1806 1888 1864 vero
1928 1781 2036 1866 ad
2071 1784 2508 1869 circuitum

482 1885 921 1974 verborum
958 1946 987 1985 ‚
1048 1910 1584 1974 numerorum
1636 1893 2102 1976 varietatem
2121 1949 2151 1986 ,.
2211 1889 2514 2002 figura-

481 2022 830 2108 rumque
860 1994 1381 2108 splendorem.
1411 1997 1745 2096 attinet,
1798 1998 2039 2104 longe
2072 1997 2508 2106 copiosius,
2533 2045 2558 2078 ⁷·

484 2107 688 2194 Hoc
756 2125 1085 2190 veteres
1146 2105 1428 2192 Graeci
1489 2101 1648 2204 ⁴:ae-
1680 2162 1708 2200 ,
1779 2103 1949 2187 Itali
1999 2107 2268 2189 multis
2315 2107 2508 2216 post

479 2215 785 2302 soeculis
852 2217 1281 2301 cantionem
1350 2213 1656 2299 dixero
1767 2209 2147 2325 Utroque
2195 2239 2505 2325 genere

478 2326 1049 2416 summamus
1096 2328 1207 2413 ita
1258 2319 1683 2421 excelluit,
1735 2340 1825 2411 ut
1859 2324 2286 2435 scriptores
2325 2327 2502 2410 fere

367 2438 391 2518 .’
483 2462 769 2521 ornnes
810 2495 837 2535 ,
903 2434 1400 2547 quicumque
1467 2462 1514 2519 a
1576 2432 1974 2520 Francisci
2041 2432 2498 2521 Petrarchae

486 2544 719 2633 obitu
772 2546 1023 2657 usque
1076 2546 1177 2629 ad
1225 2545 1359 2631 sua
1415 2564 1781 2654 tempora
1817 2544 2502 2737 Illyricam-puelia}

482 2660 1051 2755 excoluerant,
1101 2654 1210 2739 de
1257 2654 1538 2761 gloriae
1591 2650 1811 2767 poffe
1877 2676 2071 2738 ione
2115 2652 2496 2739 deturba-

488 2769 716 2854 verit.
828 2766 1022 2851 Non
1072 2764 1506 2847 minimum
1565 2764 1786 2875 euim
1835 2758 2340 2849 desciverant
2373 2765 2502 2849 illa

486 2898 719 2967 aetate
788 2874 885 2957 ab
935 2872 1329 2981 elegantia
1376 2869 1837 2968 scribendi,
1905 2874 2502 2983 contemtisque

486 2984 1039 3099 antiquiorum
1085 2982 1518 3091 exemplis,
1561 3004 1857 3065 novam
1909 2984 2346 3093 quamdam
2375 3010 2503 3067 ra-

485 3102 799 3184 tionem
834 3091 1491 3201 excogitaverant
1524 3088 2041 3175 demulcendi
2079 3119 2306 3179 aures
2337 3092 2500 3179 im-

593 3207 935 3291 ritorum
969 3262 996 3299 ,
1064 3226 1252 3310 quae
1280 3260 1309 3299 ,
1381 3200 1784 3309 corruptis
1817 3198 2183 3309 judiciiS,
2249 3206 2497 3309 longe

516 3337 809 3427 ateque
861 3310 1493 3397 diffundebatur.
1601 3311 1876 3395 Acute
1931 3310 2264 3421 quidem
2315 3336 2502 3400 rem

484 3421 1003 3511 inveniebant
1024 3480 1051 3520 ,
1104 3420 1239 3531 (ld
1294 3418 1524 3531 quod
1573 3423 1818 3505 etiam
1867 3418 2504 3533 barbariperfae-

488 3556 595 3645 pe
660 3530 1025 3637 faciunt)
1090 3530 1231 3615 sed
1304 3530 1716 3615 inventam
1780 3532 2142 3639 expolire
2195 3558 2499 3647 nequa-

348 3751 353 3755 .
492 3665 737 3761 quam
782 3660 1207 3755 poterant,
1247 3641 1359 3742 ,in
1407 3663 1576 3751 quo
1627 3640 1750 3727 vis
1795 3643 2056 3731 omnis
2106 3642 2504 3771 eloquen-
