2802 4532
624 391 795 487 Jo.
843 382 1945 466 BAPT.AMALTH1·:1.
2130 375 2299 489 '4¹7

271 527 478 608 Dum
513 531 727 609 vitam
757 529 1142 608 excolimus
1177 523 1413 605 studiis
1443 527 1841 605 coelestibus
1872 531 2126 625 ambe,

264 627 318 723 J
320 655 434 704 am
465 632 734 728 paribus
767 629 1060 704 sanctam
1089 624 1405 724 auspiciis
1441 627 1834 728 perquirere
1862 630 2085 730 legem
2106 683 2133 728 ,
2198 628 2303 726 89

275 730 724 832 Secretusque
755 729 897 804 Dei
929 724 1189 817 sensu8‚
1235 718 1547 824 sedesque
1578 729 1805 800 beatas

273 826 666 922 SuerimuS,
719 828 793 900 ὅτ.
827 825 1146 922 superum
1175 821 1463 916 mensis,
1514 826 1591 900 &
1625 821 1897 899 nectare
1923 824 2126 902 vesci.

433 1026 600 1102 AD
653 1015 1443 1098 LUDOVICUM
1492 995 2131 1096 DULCIUM.'

469 1223 539 1294 ic
576 1215 704 1290 tibi
735 1215 1100 1310 florentes,
1153 1216 1417 1308 Dulci‚
1468 1235 1644 1291 terra
1675 1217 1984 1317 explicat
2006 1215 2289 1312 herbas,

260 1228 448 1488 ῌ
549 1313 1042 1414 Blanditurque
1072 1316 1208 1388 levi
1245 1339 1598 1390 murmure
1628 1318 1813 1392 rivus
1830 1339 2053 1414 aquae.

344 1439 386 1487 e
418 1413 730 1512 Zephyri
762 1414 1095 1504 invitant,
1147 1411 1224 1486 δε
1259 1411 1479 1490 suavis
1503 1413 1776 1510 spiritus
1809 1436 2032 1507 aurae,

365 1511 463 1585 Et
495 1511 656 1586 filva
685 1511 945 1610 argutis
974 1510 1313 1608 obstrepit
1343 1509 1641 1586 alitibus.

263 1607 343 1682 Ο
374 1611 638 1698 utinam
666 1608 992 1683 umbroso
1023 1631 1300 1684 mecum
1331 1609 1677 1710 projectus
1703 1612 1780 1684 in
1803 1628 2005 1691 antro
2240 1627 2289 1704 5

364 1707 730 1785 Consuetis
756 1731 1031 1782 caneres
1069 1705 1384 1806 Thyrfin
1417 1707 1883 1782 arundinibus.

251 1805 412 1902 Jam
447 1825 566 1879 tua
599 1809 852 1882 vicinae
885 1805 1321 1906 sequerentur
1351 1809 1655 1880 carmina
1683 1828 2015 1905 quercus3

355 1903 674 1978 Duceret
704 1901 782 1976 &
805 1902 1036 1980 faciles
1062 1923 1306 1976 cantus
1336 1901 1879 2005 Hamadryadas.

257 2001 360 2076 Et
391 2000 666 2100 rapidos
705 2001 893 2076 ultro
923 2002 1300 2076 retinerent
1327 1999 1619 2078 flumina
1647 2003 1916 2095 cursus,
2074 2028 2083 2040 ·

357 2099 652 2199 Altaque
679 2117 1049 2172 ventorum
1081 2121 1435 2174 murmura
1465 2100 1948 2200 conciderent..
2193 2115 2282 2171 10

257 2195 388 2272 Ille
418 2219 650 2273 autem
683 2197 956 2272 blandae
991 2215 1242 2309 captus
1271 2195 1639 2273 dulcedine
1670 2199 1865 2276 vocis

356 2294 663 2369 Afferret
694 2296 902 2393 pleno
935 2294 1198 2369 roscida
1225 2296 1404 2371 mala
1440 2294 1619 2371 finu.
1890 2307 1904 2321 ·
2028 2342 2033 2347 ·

257 2388 409 2465 Aut
441 2392 776 2491 pavidum
803 2392 1210 2467 hinnuleum
1249 2417 1372 2493 per
1412 2395 1618 2467 devia
1651 2418 1806 2469 rura
1838 2390 2185 2493 sequutusj

233 2556 242 2572 ,
359 2490 677 2565 Donaret
708 2511 872 2564 caro
903 2512 1046 2561 non
1073 2490 1224 2565 leve
1255 2514 1503 2565 munus
1535 2494 1727 2567 hero.

255 2586 454 2665 Tum
491 2586 752 2660 vestros
783 2588 857 2659 in
885 2610 1121 2663 amore
1151 2589 1421 2663 animos
1456 2592 1696 2666 mirata
1732 2590 1995 2665 Neaera
2188 2608 2281 2686 15

179 2694 201 2713 '
355 2688 653 2759 Poneret
683 2684 944 2759 immiti
974 2683 1254 2783 peel-ore
1288 2686 1637 2766 duritiem.

251 2780 512 2859 Forsan
546 2784 620 2857 ὅτ,
649 2782 736 2855 ad
768 2802 1078 2857 tenerum
1109 2785 1505 2882 amplexum
1538 2803 1895 2865 revocaret
1908 2802 2277 2881 amantem,
2364 2798 2383 2821 ·

354 2882 452 2956 Et
480 2898 770 2980 cuperet
804 2879 1053 2955 vestras
1085 2883 1364 2957 vincere
1393 2883 1694 2959 delicias.

247 2979 406 3081 Ipsa
437 2981 613 3053 mihi
645 2978 864 3053 niveis
888 3000 1160 3053 ornaret
1189 2980 1358 3057 serta
1387 2982 1724 3080 ligustris:

347 3074 448 3153 Et
480 3096 749 3176 peteret
783 3077 1022 3155 multis
1053 3078 1279 3153 oscula
1310 3080 1682 3154 blanditiis.
2180 3094 2273 3157 ιο

245 3176 524 3251 Interea
551 3174 826 3275 gremio
857 3172 1178 3249 formofiz
1217 3179 1507 3278 virginis
1540 3178 1810 3252 haerens

343 3274 617 3349 Pofl'em
647 3275 858 3351 etiam
891 3298 1224 3375 magnum
1266 3275 1640 3356 sollicitare.
1662 3277 1931 3351 Iovem.

249 3360 479 3445 Nunc
511 3396 678 3445 vero
709 3374 1024 3471 indignas
1056 3397 1279 3473 cogor
1301 3372 1557 3475 jactare
1586 3374 1885 3475 querelas

353 3468 768 3563 Montibus,
815 3496 897 3546 ac
932 3470 1142 3544 surdis
1170 3473 1399 3547 dicere
1430 3472 1639 3549 verba
1664 3472 1871 3551 notis,

243 3563 510 3671 Qales
539 3590 874 3662 aequoreae
904 3568 1166 3643 deserto
1204 3570 1280 3643 in
1307 3567 1547 3643 littore
1578 3568 1849 3667 questus
2174 3588 2271 3665 25

347 3660 1112 3764 Halcionesfundunt,
1155 3687 1274 3746 aut
1282 3669 1677 3841 1rizgriturus
1712 3666 1885 3745 olor.
2100 3758 2185 3835 N

2186 3780 2269 3837 ec
