2802 4532
547 510 561 519 ,
653 417 687 449 “
791 439 876 512 N
1073 435 1148 507 Ο
1335 431 1419 505 Τ
1610 435 1739 514 AE,
1779 429 1789 438 ’
2128 445 2279 528 599

406 551 576 616 Liber
605 567 714 628 ago
745 552 800 614 in
831 549 986 611 terris
1012 550 1186 611 vitam
1205 593 1223 621 ,
1262 549 1378 610 fine
1404 548 1623 612 turbine
1647 559 1873 625 rei-unu
1922 565 1945 590 ·

479 631 784 690 Sollicitam
815 629 1070 686 animum
1095 639 1234 686 vota
1267 645 1374 688 nec
1405 628 1514 688 ulla
1538 645 1755 689 meum.

403 708 517 768 Res
545 719 663 767 erat
690 703 845 762 ara-s,
865 703 1026 764 domi
1044 744 1060 773 ,
1103 705 1266 763 censu
1294 717 1487 764 tamen
1516 705 1707 765 aufius
1728 701 2007 777 honest&

487 783 752 856 Despicio
783 779 1042 842 Attalicas
1068 779 1389 854 imperiosus
1412 797 1569 856 opes.

416 861 610 924 Nam.
646 857 777 916 licet
800 857 1005 916 &toto
1046 859 1196 918 Mars
1221 857 1409 918 saeviat
1434 859 1639 934 impius
1666 855 1837 925 orbe,

488 938 678 1010 Atque
707 933 1005 993 hominum
1039 935 1214 993 multa
1239 934 1398 995 caede
1428 947 1681 994 cruentet
1710 935 1975 993 humum.

413 1011 724 1072 Concurrat
805 1027 836 1070 e
863 1011 1022 1070 ferox
1047 1010 1266 1081 Gallus,
1305 1023 1601 1072 concurrat
1626 1011 1897 1080 Hiberus,

497 1087 570 1148 Et
604 1087 764 1146 Latin
853 1087 986 1146 forti
1020 1086 1250 1162 pectore
1276 1089 1332 1148 in
1362 1105 1519 1147 arma
1541 1100 1687 1148 ruat.

407 1163 518 1224 Me
544 1175 736 1224 tamen
767 1163 1114 1240 impavidum
1144 1165 1306 1242 feriet
1333 1159 1593 1235 fortuna,
1632 1163 1697 1225 fit
1716 1163 1809 1226 ina

491 1239 714 1300 Saevior
744 1239 804 1298 δε
832 1239 1022 1299 nostris
1050 1239 1333 1316 ingeniosa
1366 1241 1542 1302 malis.

415 1317 727 1378 Armorum
755 1315 972 1392 auditus
993 1317 1200 1378 sonitus
1218 1360 1236 1386 ,
1275 1318 1615 1395 clangorque
1636 1317 1895 1378 tubarum

463 1420 470 1429 «
501 1393 638 1456 Non
675 1405 928 1452 mentem
950 1391 1134 1454 studiis
1167 1396 1421 1470 eripuere
1446 1395 1567 1456 suis.
1982 1445 1987 1452 .

423 1471 596 1531 Nunc
624 1487 738 1546 ego
764 1468 1048 1530 Musarum
1071 1471 1288 1530 choreis
1313 1470 1435 1530 sum
1465 1472 1791 1547 proximu-3,
1830 1469 1891 1532 δι
1918 1481 2075 1532 nunc
2172 1473 2178 1480 '

505 1545 698 1606 Latius
725 1546 922 1606 Aonio
949 1546 1096 1606 labra
1117 1545 1295 1607 fluore
1316 1554 1567 1610 harant-0

416 1624 682 1699 Namque
713 1623 902 1682 videre
919 1623 1082 1698 juvat
1099 1665 1118 1691 ,
1155 1624 1359 1698 duplici
1387 1637 1485 1684 tua
1506 1607 1767 1700 ternpoi'a
1790 1620 2027 1714 fronde,

509 1701 582 1760 Et
610 1699 796 1760 Phaebi
823 1701 884 1757 ὅτ
913 1699 1108 1760 Martis
1135 1699 1270 1760 Dux
1296 1699 1611 1779 Aquavive·
1624 1702 1823 1777 premi.

426 1775 642 1852 Tuque
669 1776 836 1834 etiam
867 1776 1084 1851 Melphi
1112 1777 1390 1852 Princeps,
1416 1778 1585 1839 decus
1614 1777 1801 1856 addite
1830 1773 2035 1838 Muris,

510 1851 750 1914 Accedis
780 1853 1011 1927 gemino
1027 1852 1243 1929 &cinctus
1263 1853 1487 1914 honore
1517 1867 1700 1930 caput.

426 1929 620 2006 Atque
646 1947 756 1991 una
793 1945 988 1988 comes
1015 1929 1124 2001 ipse
1151 1929 1322 1990 sacras
1350 1930 1653 1992 Gesualdus
1674 1930 1749 2010 ‚ad
1774 1927 1954 1991 undas

505 2005 809 2073 Concinit,
850 2005 911 2063 &
941 2005 1116 2079 pofita
1139 2007 1366 2082 cuspide
1387 2051 1403 2072 ,
1446 2008 1651 2084 plectra
1682 2019 1908 2074 movet.

431 2083 536 2144 Me
571 2081 710 2155 rapis
736 2080 1016 2143 interdum
1050 2081 1334 2147 recinens.
1371 2083 1650 2160 Syncere,
1688 2084 1784 2146 sub
1810 2082 2044 2152 umbra}

508 2159 750 2232 Mystica
775 2153 1008 2232 virfflei
1035 2156 1178 2218 sacra
1207 2161 1503 2235 puerperii.
1773 2182 1782 2189 ·
1902 2187 1911 2196 ·

431 2233 507 2295 Et
533 2247 702 2306 pecus
725 2233 1024 2317 &jsylvam
1061 2234 1254 2309 piscofi
1281 2237 1340 2297 δε
1365 2238 1601 2299 numina
1625 2237 1827 2316 ponti,

521 2311 595 2367 Et
621 2324 755 2383 quae
776 2308 1050 2367 littoribus
1069 2310 1176 2367 fert
1205 2310 1447 2371 Sinuessa
1478 2312 1601 2373 suis-

443 2384 606 2457 Saepe
638 2384 896 2446 animum
925 2380 1095 2441 fleffit
1121 2382 1268 2443 dulci
1293 2384 1608 2447 Cabanilius
1645 2405 1747 2447 ore
1766 2426 1788 2457 .

523 2462 682 2518 Dum
711 2461 862 2515 canit
886 2460 957 2521 δε,
977 2457 1166 2519 donas
1193 2470 1396 2519 evocat
1422 2478 1591 2519 amne
1618 2464 1791 2521 Deas.

449 2533 571 2612 Ipse
601 2536 790 2595 forum
823 2550 1096 2611 exornans
1123 2536 1184 2595 δε
1212 2535 1631 2597 consultiffimus
1656 2540 1843 2615 aequi,'

530 2610 654 2671 1²0st
683 2622 772 2669 tot
801 2606 1038 2669 sollicitis
1067 2610 1280 2671 reddita
1297 2612 1425 2689 jura
1455 2614 1593 2681 reis,
1906 2674 1921 2693 ‚

453 2688 736 2763 Capycius
763 2703 892 2745 mea
920 2684 1067 2747 teEta
1093 2684 1262 2754 subit,
1301 2687 1602 2766 politoque
1624 2690 1841 2767 rigore,

531 2762 794 2833 Disserit,
832 2764 894 2823 &
920 2774 1078 2838 grato
1108 2764 1281 2824 multa
1319 2763 1513 2843 lepore
1543 2767 1732 2825 refert.

461 2842 622 2919 Quin
643 2842 818 2903 etiarn
845 2842 1048 2899 nostras
1075 2838 1200 2899 vifit
1219 2850 1372 2916 pater
1397 2840 1577 2901 AElius
1605 2844 1755 2903 aedes
1776 2887 1797 2915 ,

529 2921 727 2994 Quem
753 2916 994 2988 sequitur
1021 2914 1156 2977 sacri
1178 2916 1414 2979 candida
1440 2918 1597 2978 turba
1620 2920 1796 2982 chori.

454 2996 530 3059 Et
545 2998 642 3073 qni
673 2994 972 3055 Sebethum
1000 2994 1184 3069 patrio
1209 2996 1388 3055 modo
1419 2996 1659 3070 praetulit
1690 2999 1854 3059 Arno

535 3072 804 3141 Paccius,
844 3066 1053 3131 Etrusci
1082 3070 1230 3131 fama
1256 3070 1533 3151 decusque
1557 3072 1672 3135 soli.

458 3154 658 3227 Quem
677 3192 696 3219 ,
735 3147 868 3209 culti
889 3148 1080 3223 eloqui
1106 3160 1256 3209 tanta
1283 3148 1358 3208 est
1383 3150 1677 3222 facundia,
1714 3150 1901 3213 credas

539 3223 700 3289 Pofl'e
731 3242 967 3285 movere
995 3226 1290 3295 homines,
1329 3223 1485 3301 poss'e
1516 3244 1753 3287 movere
1776 3230 1957 3291 Deos.

459 3306 590 3369 Nec
617 3306 802 3364 minus
833 3300 1093 3361 exhilarat
1117 3302 1330 3363 nostros
1371 3302 1619 3362 Gravina
1648 3302 1919 3376 recessus,
1948 3302 1970 3323 '

540 3383 788 3459 Eloquio
824 3382 881 3441 ὅ(
907 3378 1086 3437 deeris
1111 3371 1314 3453 ,⁸quos
1337 3390 1539 3439 movet
1564 3390 1677 3439 arte
1694 3422 1712 3451 ,
1746 3382 1915 3456 jocis.

385 3492 398 3509 ae
467 3460 758 3532 Praecipue
796 3456 935 3515 mihi
973 3455 1110 3513 dum
1153 3452 1375 3513 Panaeni
1413 3468 1595 3514 narrat
1630 3454 1847 3518 alumni

425 3576 438 3585 .
543 3535 743 3593 Fertile
777 3545 898 3592 tarn
937 3531 1126 3591 multis
1160 3528 1380 3593 dotibus
1415 3532 1722 3607 ingenium.

484 3610 722 3667 Ovicula
762 3609 968 3671 affidue
1005 3624 1233 3667 mecum
1275 3606 1387 3678 est,
1426 3610 1515 3667 cui
1554 3607 1701 3669 sacra
1738 3610 1990 3674 Maronis

559 3684 711 3743 Musa
745 3689 942 3746 favens
977 3684 1136 3746 molli
1171 3697 1429 3760 tempora
1462 3684 1666 3745 fronde
1701 3689 1863 3762 tegit.

478 3760 754 3839 Vopiscus
792 3764 960 3839 Graia
996 3762 1218 3841 insignis
1257 3762 1535 3901 Latiaque
1572 3762 1871 3847 Minerva,
2145 3840 2299 3911 md

1428 4054 1436 4064 ,
1460 4024 1495 4061 0
