2802 4532
437 372 578 451 ηι
909 338 1951 421 ΕιΕῦιΑαυΜ

530 495 718 569 Cum
749 490 982 566 videat
1011 496 1180 567 vitae
1212 488 1425 564 taedia
1454 506 1649 565 tanta
1666 490 1896 567 meae?
2291 572 2328 589 „

433 596 616 671 Non
647 616 761 665 me
793 590 1120 695 Sisyphio
1148 589 1471 687 superent
1506 588 1793 688 impulsa
1818 590 2086 671 labore·
2354 604 2451 695 65

529 694 706 769 Saxa
723 740 747 783 ‚
800 712 928 763 nec
962 686 1242 763 infernis
1269 687 1457 761 dolia
1484 686 1717 762 adacta
1748 688 1953 765 vadis.

430 790 529 865 Et
557 790 762 889 Tityi
805 786 1028 861 rostro
1057 788 1260 861 cedet
1293 786 1473 862 mihi
1504 786 1741 859 vultur
1774 786 2093 888 obunco,
2216 867 2221 876 ,

527 890 879 985 Pomaque
909 884 1227 961 Lethaeis
1261 881 1384 957 risa
1415 882 1539 959 sub
1568 883 1941 961 arboribus.

430 984 588 1061 Vos
618 989 875 1085 igitur,
923 985 1044 1082 qui
1079 1006 1192 1057 me
1224 981 1483 1055 vifimm
1509 986 1659 1081 jam
1692 982 1877 1056 fletis
1908 990 2159 1085 amici,

529 1084 646 1158 Sic
679 1107 828 1155 mea
859 1080 1264 1181 compofitis
1295 1079 1548 1155 caedite
1578 1079 1779 1155 busta
1806 1086 2029 1159 notis:
2346 1106 2473 1185 70‘

433 1180 676 1259 Affius
712 1182 827 1253 hic
862 1178 1024 1258 fitus
1059 1180 1198 1253 est:
1249 1182 1509 1251 cineres
1538 1178 1836 1286 gabudete
1864 1178 2145 1281 sepulti:

521 1282 678 1377 Jam
711 1302 888 1379 vaga
929 1276 1088 1377 post
1121 1278 1352 1353 obitus
1381 1271 1629 1361 Ambra
1654 1276 1900 1353 dolore
1934 1301 2155 1358 vacat.

1099 1470 1158 1514 Ὀ

1307 1504 1573 1582 VIII.

516 1724 668 1814 IN
735 1723 1413 1817 DOMINAE
1486 1711 2341 1848 NA'TALEM‚
2481 1662 2505 1683 ⁰

855 1930 2001 2027 ADJUNONEM

547 2158 761 2229 unoni
805 2152 905 2228 fer
932 2154 1154 2247 sacra,
1205 2179 1414 2230 novas
1445 2156 1641 2257 lege,
1692 2153 1921 2251 musa,
1968 2181 2292 2235 coronas:

628 2252 905 2328 Natalis
929 2252 1233 2326 dominae
1263 2256 1407 2350 jm
1437 2256 1613 2330 mihi
1644 2255 1852 2342 festus
1877 2256 2087 2333 adest.

521 2352 671 2450 Ipsa
701 2351 814 2426 sed
845 2353 1184 2450 imprimis
1212 2352 1515 2425 solennes
1545 2351 1753 2430 indue
1776 2355 2038 2457 cultus:

519 2453 619 2526 Et
653 2451 828 2524 mihi
858 2471 1202 2548 purpurea
1235 2468 1554 2548 tempora
1582 2454 1794 2552 cinge
1824 2451 1996 2526 rosa.

423 2549 674 2647 thue
704 2547 957 2648 aliquid
989 2563 1216 2646 gratas
1246 2547 1429 2624 divae
1462 2549 1879 2624 meditemur
1906 2549 1992 2624 ad
2016 2573 2199 2645 atas,
2396 2579 2451 2660 5

523 2645 722 2721 Affer
753 2648 1076 2720 inauratae
1107 2647 1376 2744 garrula
1407 2643 1667 2746 ple&1·a
1697 2648 1893 2746 lyrae.

409 2747 547 2822 'Tu
582 2769 896 2844 quoque,
943 2745 1128 2836 vita,
1181 2763 1336 2818 tuos
1365 2770 1537 2820 auro
1568 2743 1889 2842 subnesse
1922 2747 2277 2844 capillos:-

521 2845 964 2942 Plurimaque
991 2844 1062 2913 in
1096 2841 1304 2913 niveo
1335 2841 1621 2942 pestere
1646 2867 1927 2942 gemma
1959 2847 2199 2918 micet.

307 3033 317 3044 ·
422 2945 614 3022 Haec
649 2944 824 3014 mihi
857 2963 964 3028 te,
1013 2961 1167 3010 mea
1198 2939 1362 3032 lux,
1414 2938 1590 3014 seros
1617 2940 1935 3037 promisit
1968 2941 2043 3012 in
2076 2961 2329 3036 annos,

521 3043 709 3116 Haec
745 3037 918 3111 mihi
949 3057 1021 3109 te
1045 3057 1303 3111 certam
1331 3035 1520 3136 justit
1554 3036 1802 3113 habere
1829 3035 1991 3108 dies.
2350 3065 2437 3118 10

423 3141 712 3229 Quanta
739 3137 912 3214 mihi
953 3135 1084 3209 hac
1115 3135 1419 3233 primum
1456 3133 1781 3212 fulserunt
1812 3131 2059 3234 gaudia
2082 3133 2293 3208 luce?

523 3237 849 3330 Qantus
881 3237 952 3307 in
987 3235 1130 3306 hoc
1163 3257 1305 3306 uno
1333 3256 1651 3333 tempore
1679 3236 1869 3307 venit
1900 3231 2174 3305 honos?

422 3334 500 3443 Q
536 3333 710 3406 mthi
739 3331 1120 3432 Erythraeis
1149 3335 1403 3406 merito
1434 3329 1753 3430 fignanda
1790 3329 2068 3430 lapillis:
2157 3343 2163 3346 ’

526 3432 600 3503 Ο
634 3431 807 3503 mihi
840 3431 1100 3504 delitias
1127 3431 1308 3504 inter
1335 3431 1645 3506 habenda
1678 3453 1881 3506 meas,

423 3524 915 3624 Qisquisades
933 3579 958 3622 ‚
1009 3530 1192 3607 bona
1207 3529 1451 3623 verba,
1509 3525 1989 3607 &laetosedite
2003 3547 2285 3624 catum,
2348 3552 2440 3630 15
2488 3513 2504 3532 ⁸

451 3657 468 3678 ·
522 3625 838 3726 Libaque
867 3627 954 3740 (je
981 3625 1221 3704 Siculo
1253 3627 1483 3719 dulcia
1512 3627 1718 3708 melle
1746 3627 1923 3705 date.
2250 3724 2393 3801 Mb

2394 3747 2431 3800 a
