2802 4532
560 435 699 541 308
846 428 2308 515 ·DAN1EL18·

554 578 732 651 Vim
766 576 966 668 tulit,
1013 593 1089 651 at
1118 572 1309 649 caefis
1339 575 1546 675 virgo
1577 577 1850 652 Saloina
1881 576 2157 657 lacertis
2475 664 2486 678 ,

552 669 861 753 Laffavit
892 676 1221 775 plangore
1254 698 1536 767 nemuS,
1580 672 1879 773 latosque
1911 698 2033 773 per
2064 700 2266 778 agros
2491 698 2582 777 25

553 774 775 849 Haud
804 772 1199 847 interm1ffas
1230 772 1414 864 fudit
1441 770 1812 847 miseranda
1841 774 2160 869 querelas.
2547 842 2558 855 .

562 871 751 947 Non
784 871 883 945 illi
908 873 1333 959 volucresur
1384 894 1498 943 ere
1531 870 1602 943 in
1639 874 1813 947 retia
1835 895 2078 947 cervos

546 969 791 1063 Cura,
842 994 974 1043 nec
1008 972 1082 1042 in
1108 970 1295 1041 laxos
1352 992 1642 1067 eporem
1673 970 2019 1044 deducere
2049 970 2254 1049 casses
2506 1057 2526 1075 ,

554 1068 881 1165 Amplius
910 1087 1027 1141 aut
1067 1065 1347 1140 timidas
1376 1068 1644 1152 calamo
1689 1067 2090 1167 transfigere
2126 1070 2384 1148 damas.

558 1166 735 1241 Nec
764 1164 1014 1265 rapidis
1036 1189 1299 1239 vacuos
1328 1155 1613 1239 ca'nibus
1645 1168 2042 1279 circundare
2072 1166 2328 1265 saltus,
2503 1191 2591 1270 30

562 1266 703 1339 Sed
746 1267 964 1357 latet,·
1000 1265 1077 1339 δε
1108 1264 1345 1337 scabro
1384 1267 1690 1363 laqueata
1725 1266 1978 1339 cubiha
2006 1267 2162 1339 tofo
2303 1312 2312 1321 -

556 1361 873 1457 Incolit,
924 1364 999 1437 δί
1032 1363 1249 1461 longo
1282 1360 1530 1435 domus
1562 1364 1660 1435 est
1691 1360 2008 1461 spelunca
2035 1366 2342 1459 recefl‘u,

564 1458 735 1553 Qa
763 1461 1023 1535 nitidos
1057 1466 1309 1551 colleS,
1360 1460 1794 1557 subjectaque
1828 1460 2118 1537 collibus
2153 1490 2327 1539 arva

560 1559 847 1655 Spectat
878 1558 1225 1635 oliviferos
1256 1558 1560 1654 quass‘ans
1598 1558 1910 1632 Tam-eta
1937 1554 2254 1657 capillo&

560 1656 773 1754 Saepe
801 1657 984 1730 illam
1022 1655 1326 1752 Dryades
1362 1654 1606 1727 frustra
1639 1655 1847 1727 lenire
1872 1658 2232 1755 jacentem
2395 1696 2412 1709 ·
2495 1682 2584 1758 -35

559 1753 1003 1845 Tentavere,
1051 1752 1213 1851 quid
1245 1754 1422 1851 vh03,
1469 1752 1837 1845 dixerunt,
1887 1746 2042 1829 car’a
2073 1754 2353 1830 dolores

560 1851 951 1950 Perpeteris
990 1852 1062 1923 N
1074 1849 1388 1948 ymphe?
1439 1872 1594 1948 quae
1625 1848 1816 1921 causa
1849 1850 2134 1949 indigna
2163 1855 2512 1929 decoram

560 1949 915 2023 Turbavit
948 1949 1241 2021 faciem?
1294 1947 1460 2043 quid
1493 1946 1616 2019 fles
1648 1945 2068 2019 rnoestissima
2098 1951 2299 2047 virgo
2319 1950 2354 2019 ?

573 2046 896 2141 Virginis
936 2046 1021 2117 ad
1051 2068 1304 2115 nomen
1337 2042 1610 2140 suspiria
1639 2043 1849 2115 traxit
1879 2044 1966 2116 ab
1997 2046 2143 2115 imo

557 2142 801 2215 Corde
834 2142 1061 2229 Salix,
1110 2138 1257 2211 filet
1292 2140 1407 2213 illa
1435 2162 1703 2233 tamen,
1758 2164 1886 2213 nec
1922 2140 2456 2240 proderecaecas
2487 2166 2588 2241 40

558 2237 869 2313 Sustinet
899 2236 1202 2329 infidias,
1252 2237 1482 2310 timidi
1517 2234 1626 2309 sed
1657 2236 1958 2337 pondera
1985 2241 2242 2313 ventris

562 2333 807 2426 Celat,
861 2336 935 2410 δε
966 2335 1313 2424 interdum
1347 2335 1489 2409 laefi
1520 2334 1636 2431 dat.
1670 2335 1857 2436 figna
1890 2338 2194 2432 pudoris.

556 2431 899 2532 Dumque
930 2434 1169 2506 oculos
1202 2436 1321 2506 vix
1349 2433 1536 2519 tollit
1553 2433 1812 2526 hume,
1861 2459 2042 2507 nunc
2060 2437 2382 2535 pingitur
2399 2435 2584 2512 ostro

556 2531 897 2604 Puniceus
932 2530 1199 2612 incensa
1228 2555 1474 2629 genas,
1526 2556 1708 2603 nunc
1745 2531 1992 2607 flebilis
2025 2535 2243 2609 haeret

559 2627 892 2704 Pallidior
923 2627 1116 2702 buxo
1128 2680 1156 2722 ,
1208 2630 1419 2726 qualis
1448 2629 1796 2726 Tithonia
1821 2634 2080 2729 conjux
2483 2650 2580 2729 45

447 2758 458 2768 ·
562 2725 819 2820 Qum
854 2721 1099 2822 rubet,
1152 2727 1225 2800 &
1254 2727 1472 2800 subita
1501 2729 1759 2826 tegitur
1789 2729 2084 2827 caligine
2112 2747 2420 2805 moerens

561 2826 976 2900 Memnonis
1002 2827 1385 2902 admonitu.
1428 2826 1586 2916 Jam
1623 2825 1717 2896 sol
1751 2828 2097 2908 altiffimus
2133 2853 2262 2901 axe

562 2921 857 2998 Fecerat
883 2924 1164 3019 exiguas
1190 2924 1414 3020 spatiis
1448 2923 1818 3019 aequalibus
1847 2926 2156 3018 umbraS,
2581 2989 2597 3014 f

451 3056 503 3109 0
563 3019 763 3092 Ecce
795 3041 1060 3091 tumens
1092 3017 1358 3114 spoliis,
1382 3017 1385 3022 ’
1409 3040 1612 3116 atque
1641 3019 1856 3095 oblita
1888 3023 2080 3094 caede
2108 3025 2449 3107 ferarum,

566 3119 792 3190 Antra
824 3114 1041 3208 subit,
1093 3118 1264 3190 lucis
1296 3121 1568 3194 Hecate
1599 3117 1820 3191 lassata
1847 3118 1968 3193 sub
2005 3121 2193 3213 altis,
2479 3141 2570 3216 50

568 3220 834 3305 Antra,
888 3215 1131 3288 hedera
1156 3267 1183 3304 ‚
1234 3216 1306 3290 Sc
1346 3216 1506 3289 raris
1537 3213 1856 3288 labruscae
1893 3220 2103 3314 sparsa
2131 3222 2448 3302 racemis„
2478 3263 2486 3270 ·

565 3313 769 3386 Intus
806 3337 1042 3411 aquae,
1087 3313 1421 3411 viridique
1445 3311 1690 3385 obsefla
1724 3313 1950 3390 sedilia
1981 3315 2248 3389 musco:

556 3409 765 3483 'Ante
795 3410 972 3484 fores
987 3409 1377 3508 Thymbrae
1394 3408 1678 3507 surgunt
1695 3465 1720 3503 ,
1771 3413 2138 3510 flentesque
2155 3411 2562 3513 Hyacinthi,

566 3506 672 3578 Et
710 3529 873 3580 cum
903 3507 1304 3580 flammeolis
1338 3507 1584 3587 lethaea
1611 3523 1945 3617 papavera
1977 3513 2238 3602 Calos,

570 3605 1097 3703 Innumeraeque
1124 3605 1359 3693 herbae
1386 3628 1587 3706 grato
1617 3631 1779 3706 quas
1805 3635 2157 3684 murmure
2187 3609 2410 3686 labens
2467 3625 2557 3702 5'5

393 3716 411 3730 ·
500 3769 507 3774 .
570 3699 844 3798 Rivus,
897 3703 972 3782 &
1004 3706 1275 3781 attritos
1314 3709 1575 3784 versans
1617 3706 1738 3784 alit
1770 3709 1949 3784 unda
1973 3709 2279 3810 lapillos,
2381 3801 2464 3879 N

678 3863 683 3868 ,
1449 3826 1458 3834 ·
2467 3821 2557 3875 on
