2802 4532
540 477 643 555 μ
860 421 2110 568 TEsfrlMomA:

536 645 660 707 uae
695 611 913 706 dixi,
969 595 1385 710 utriusque
1422 593 1715 698 linguae
1749 583 2003 700 studia
2034 583 2505 679 literarum,

478 649 1001 832 delatumque
1048 709 1207 820 jam
1260 699 1582 814 pridem
1641 696 1925 779 inillis
1972 690 2118 775 tibi
2149 717 2192 774 a
2227 689 2506 777 Mufis

374 917 393 934 .
475 863 721 952 atque
773 830 871 917 ab
925 821 1304 933 Apolline
1354 805 1947 920 principatum3
2004 827 2234 910 quam
2269 801 2363 884 fis
2401 825 2500 883 e-

480 956 675 1034 tiam
714 948 799 1028 in
839 931 1194 1050 ipso·usu
1228 928 1419 1008 vitae
1447 979 1471 1017 ‚
1525 930 1777 1028 quum
1815 912 2348 1005 humanitate,
2399 911 2500 991 ὅτ

478 1058 910 1146 suavitate,
968 1065 1140 1128 tum
1196 1035 1515 1124 hercle,
1565 1027 1792 1109 omni
1827 1022 2226 1106 virtutum
2255 1040 2508 1128 gene..

476 1196 629 1266 re,
694 1183 939 1272 atque
1002 1151 1128 1233 illa
1198 1149 1283 1230 in
1342 1139 1618 1251 primis
1687 1133 1816 1217 vel
1870 1129 2320 1240 probitate,
2373 1125 2504 1209 vei

480 1299 806 1365 morum
855 1260 1308 1368 animique,
1358 1251 1414 1335 fi
1451 1247 1744 1333 Latine
1791 1241 1970 1325 satis
2021 1238 2335 1348 possum
2381 1235 2506 1320 di-

486 1415 719 1482 cere,
770 1373 1266 1464 sinceritate,
1318 1373 1504 1473 'quae
1539 1355 1872 1468 quidem
1923 1348 2178 1432 virtus'
2219 1347 2366 1431 tibi
2411 1370 2500 1428 e..

484 1502 677 1588 tiam
737 1505 1138 1600 agnomen
1218 1473 1512 1567 dedit,
1585 1457 2117 1577 politiffimus,
2229 1455 2502 1565 ltaque

486 1609 665 1694 haec
699 1601 799 1684 ad
838 1619 922 1680 te
958 1588 1183 1674 volui
1220 1581 1566 1667 scribere
1609 1577 2002 1686 primum,
2053 1589 2153 1651 ut
2188 1565 2333 1649 tibi
2355 1593 2502 1648 no-

330 1749 361 1768 0
492 1739 669 1801 tum
724 1707 1075 1794 facerem
1128 1691 1347 1784 hunc
1401 1687 1664 1802 'ipsum
1715 1677 1962 1766 animi
1995 1678 2157 1762 rhei
2195 1673 2500 1768 sensum

486 1829 716 1920 inte,
770 1845 861 1902 ac
881 1813 1423 1898 voluntatem:
1478 1797 2043 1907 jacere-mque,
2094 1805 2506 1894 tamquam

486 1935 1012 2024 fundamenta
1044 1909 1680 2023 be‘nevolentiae,
1732 1893 2506 2008 futuraequenostrae
2553 1903 2560 1910 ’

488 2033 1101 2132 necessitudini,
1154 2021 1376 2138 quali
1425 2013 1856 2129 quoddam
1889 2002 2297 2088 vinculum
2353 2000 2508 2084 ad-

482 2154 901 2242 hiberem,
952 2153 1317 2222 amorem
1360 2127 1750 2214 summum
1807 2139 1997 2221 erga
2045 2135 2127 2194 te
2173 2127 2508 2196 meum:

487 2265 582 2357 ln
634 2284 803 2371 quo
854 2247 1189 2361 quidem
1226 2253 1708 2435 ¹pergratum
1775 2221 1982 2311 mihi
2019 2224 2220 2329 eritz
2275 2215 2334 2305 fi
2371 2245 2508 2305 me

486 2374 595 2461 fic
644 2364 1079 2457 amandum
1136 2357 1223 2440 su
1256 2346 1606 2459 ceperiS,
1659 2358 1748 2423 ut
1781 2358 2058 2427 utare3
2120 2331 2226 2416 fic
2263 2328 2506 2415 fueris

486 2483 673 2569 usus
709 2539 734 2577 ,
802 2495 896 2561 ut
953 2470 1183 2580 plane
1240 2484 1416 2543 tun.
1521 2446 1850 2537 Deinde
1895 2464 1988 2528 ut
2039 2439 2317 2539 scires,
2371 2466 2504 2523 me

489 2584 829 2678 videndi
865 2584 985 2667 tui
1020 2571 1423 2660 desiderio
1457 2578 1946 2673 magnopere
1963 2554 2260 2635 teneri:
2321 2574 2508 2635 nam

490 2696 821 2791 fruendi
869 2682 1203 2803 quidem
1261 2704 1429 2763 non
1481 2674 1750 2757 audeo
1801 2666 2077 2748 dicere
2100 2689 2140 2744 τ’
2177 2660 2318 2771 qui
2363 2684 2510 2743 ne-

493 2838 661 2925 que
692 2802 1003 2894 salutari
1034 2818 1118 2876 te
1132 2784 1582 2901 permiseris
1603 2841 1626 2879 ,
1679 2784 1936 2888 qu'um
1953 2778 2208 2879 nuper
2241 2794 2290 2851 e
2309 2766 2508 2853 Gal·-

494 2928 601 3013 lia
648 2916 965 3004 rediens
994 2958 1019 2999 ,
1094 2922 1186 2985 ut
1244 2897 1489 2983 audio
1527 2952 1553 2990 ,
1625 2890 1732 2973 de
1785 2885 2072 2969 itinere
2129 2878 2514 2963 venetias

499 3026 783 3122 iviffes.
892 3012 1150 3127 Quod
1202 3008 1259 3091 fi
1311 3026 1447 3090 tua
1482 3004 1718 3111 culpa
1753 2990 2127 3077 effectum
2161 2987 2318 3084 est,
2371 3008 2508 3084 ur,

500 3165 762 3254 quum
817 3129 992 3218 fieri
1022 3118 1438 3229 utriusque
1475 3104 1920 3194 commodo
1957 3099 2358 3211 potuerit,
2413 3116 2508 3179 ut

500 3272 590 3338 te
642 3244 1009 3331 viderem
1043 3288 1071 3330 ,
1143 3256 1275 3314 me
1330 3246 1601 3307 tamen
1653 3213 2016 3300 latueris:
2087 3206 2296 3289 dabo
2340 3201 2514 3310 ipse

500 3380 883 3473 operam,
938 3367 1028 3431 ut
1086 3340 1173 3427 id
1228 3329 1658 3441 aliquando
1699 3326 1878 3420 fiat,
1949 3322 2186 3403 etiam
2235 3314 2291 3397 fi
2339 3330 2515 3399 non

502 3465 811 3585 poterit
864 3458 1024 3543 fine
1083 3472 1376 3555 magno
1412 3432 1945 3523 incommodo
1981 3452 2192 3513 men.
2297 3422 2518 3507 Inte-

504 3606 649 3669 rea
703 3594 1016 3662 tamen,
1070 3563 1308 3644 etiam
1360 3573 1600 3662 atque
1643 3547 1883 3629 etiam
1919 3570 1962 3623 a
2003 3559 2087 3619 te
2123 3554 2367 3640 pet03
2427 3554 2520 3617 ut

508 3686 899 3809 quoniam
930 3678 1091 3763 hoc
1129 3687 1498 3777 tempore
1529 3664 1614 3745 in
1647 3651 1942 3741 secess'u
1971 3644 2125 3733 isto
2139 3642 2518 3753 Neapoli·

1284 3827 1306 3845 ··
2333 3775 2526 3836 tano
