2802 4532
533 365 1895 526 'Tesrtmontffi
2105 459 2264 548 5&

249 583 521 685 daret,
570 585 999 695 repudiato
1032 585 1253 671 avito
1289 585 1856 696 gentilitioque
1883 586 2268 676 nomine.

251 697 562 790 Aenus
592 693 1011 782 Simcmus
1061 696 1436 804 appellari
1473 697 1775 791 voluit,
1811 689 2271 779 'adhortan-

254 822 339 890 te
382 805 808 901 Pontano,
858 803 1000 914 qui
1024 802 1343 911 Joviani
1374 827 1844 916 cognomen
1868 859 1896 898 ,
1957 807 2262 890 amico·-

246 937 423 1000 rum
478 914 934 1000 imitatione
986 913 1499 999 defumserat.
1613 911 1780 998 Sed
1833 917 2069 1021 origo
2125 939 2268 998 ve-

248 1023 473 1109 tustae
532 1021 789 1132 stirpis
836 1048 887 1105 e
940 1023 1235 1107 Saneio
1287 1023 1640 1109 Nazario
1677 1081 1704 1122 ,
1777 1021 2268 1110 Laumeilini

238 1136 416 1241 agri
472 1130 829 1324 oppido,
883 1131 1095 1216 inter
1150 1129 1466 1218 Padum
1521 1131 1608 1216 δε
1661 1131 2054 1218 Ticinum
2092 1157 2266 1222 non

240 1236 527 1350 ignobi
558 1241 630 1337 i,
681 1238 903 1326 unde
935 1240 1277 1340 maiores
1308 1241 1846 1342 advenerant,
1895 1267 2062 1327 non
2084 1240 2272 1325 obs-

242 1375 448 1434 eure
523 1348 969 1460 petebatur·
1090 1351 1406 1437 Floruit
1473 1353 1822 1436 amicitia
1887 1350 2267 1437 Federici

191 1455 550 1570 .RegiS‚
600 1457 1061 1545 senescente
1116 1459 1466 1544 Pontani
1517 1461 1806 1566 gratia:
1865 1465 2006 1570 qui
2057 1463 2266 1545 Ara·-
2317 1465 2334 1570 ἱ

242 1589 557 1676 gonum
581 1593 885 1654 nomen
900 1571 1434 1658 vehementer
1453 1566 1906 1655 offenderat
1928 1623 1954 1664 ,
2003 1593 2265 1681 quum
2325 1575 2339 1704 ξ

248 1679 504 1763 veluti
626 1679 931 1769 ersonae
1003 1678 1295 1766 oblitus
1325 1738 1352 1775 ‚
1427 1675 1824 1764 viciorem
1875 1677 2269 1767 Caroium
2334 1718 2346 1784 3
2465 1708 2474 1721 ·

248 1786 567 1874 invidio
598 1817 647 1872 a
714 1787 845 1870 vel
914 1787 1468 1896 intempestiva
1518 1790 1886 1874 oratione
1947 1789 2272 1900 publice
2335 1794 2356 1910 ᾗ

239 1895 653 1984 laudass'et.
764 1895 1204 1983 Permanfit
1259 1898 1368 1980 in·
1398 1921 1494 1982 ea
1549 1895 1734 1982 belli
1787 1899 2132 2004 procella
2183 1903 2274 1988 in

242 2003 532 2102 officio
581 2009 935 2104 Acrius,
956 2055 961 2060 ·
986 2005 1532 2117 redeuntique
1579 2005 2102 2095 Ferdinando
2123 2005 2276 2114 Ju-

243 2117 458 2204 niori
538 2135 887 2207 armatus
972 2117 1185 2206 inter
1269 2117 1549 2204 fideles
1639 2119 1858 2207 cives
1931 2141 2270 2232 operam

240 2225 645 2335 praestitit:
702 2227 925 2314 unde
980 2229 1054 2310 ei
1104 2227 1315 2315 cons
1356 2231 1582 2317 icuus
1631 2231 1740 2315 in.
1774 2234 1948 2318 aula
1986 2234 2274 2345 gratiae

239 2336 501 2419 locus.
609 2330 775 2413 Sed
844 2328 1201 2417 infestius
1335 2360 1610 2419 emum
1659 2360 2010 2447 urgente
2063 2340 2272 2426 For-

244 2460 487 2539 tuna,
596 2462 795 2521 uum
812 2435 1247 2523 Federicus
1265 2464 1524 2547 regno
1539 2443 1973 2547 pelleretur
1991 2505 2016 2544 ,
2065 2472 2270 2535 con-

244 2548 480 2635 stanti
550 2542 819 2631 ludio
884 2561 1129 2655 atque
1198 2549 1512 2653 integra
1579 2545 1742 2629 fide
1796 2576 1986 2639 eum
2042 2558 2274 2643 exsu-

184 2696 195 2705 ·
246 2661 411 2747 lem
462 2658 549 2743 in
600 2653 1075 2741 ulteriorem
1126 2650 1488 2747 Galliam·
1531 2652 1846 2739 secutus
1901 2658 2054 2741 est:
2107 2654 2276 2771 qu‘a

348 2764 669 2853 atiffimi
716 2764 963 2849 animi
995 2762 1556 2849 testificatione
1593 2763 2066 2875 fingularetn
2103 2770 2280 2853 lau-

310 2904 447 2965 em
516 2872 1042 2987 promeruisse
1077 2938 1104 2981 ,
1178 2873 1307 2957 vel
1372 2872 1540 2977 ejus
1608 2872 1910 2961 inimici
1957 2873 2277 2983 judica-

242 2988 469 3075 bant.
580 2983 909 3092 Scripfit
945 3043 973 3082 ,
1044 3007 1456 3097 tamquam
1511 2984 2022 3075 ambidexter
2058 3041 2087 3085 ,
2157 2982 2276 3070 E-

248 3102 515 3187 trusca
567 3094 795 3181 fimul
842 3112 1085 3207 atque
1134 3093 1422 3179 Latina
1471 3095 1820 3180 carmina
1846 3098 1882 3194 ,’
1935 3097 2102 3205 pari
2128 3096 2274 3181 ·le-

24 3255 26 3292 1
177 3199 192 3214 ”
248 3232 455 3317 pore
496 3206 653 3295 sale
709 3230 853 3303 ue,
924 3203 1460 3291 arridentibus
1509 3208 1917 3316 utrimque
1967 3202 2271 3305 Μυίῑς,

25 3308 27 3333 ’
254 3343 508 3427 quum
537 3233 801 3405 muqto
830 3313 1016 3402 felle
1046 3313 1223 3399 odii
1249 3312 1698 3401 subamarus
1711 3314 2119 3425 praepilata
2141 3313 2268 3423 ja·

254 3428 437 3509 cula
456 3426 736 3533 jambis
764 3426 1315 3533 intorqueret:
1367 3442 1504 3508 aut
1534 3448 1900 3509 amorum
1937 3423 2268 3509 suorum

260 3534 693 3620 dulcedine
721 3534 1107 3619 resolutus
1127 3537 1566 3617 tenerrime
1581 3532 1995 3618 lasciviret.
2053 3530 2267 3617 Gra-

262 3643 349 3731 vi
398 3660 671 3731 autem
720 3644 803 3729 &
852 3643 1076 3731 sacro
1111 3642 1504 3836 Poeffiate
1535 3642 1668 3731 De
1703 3641 1948 3731 Partu
1991 3641 2269 3768 Vis-gi·

1409 3774 1494 3837 m
2103 3768 2270 3849 ms,
