2802 4532
508 470 655 555 354
957 395 1294 528 mm.
1342 446 2045 527 AMALTHEI.

504 590 739 669 Dorso
768 590 1173 666 recumbens
1201 588 1595 689 graminum
1623 590 1996 669 virentium

507 690 1011 789 Depraeliantes
1042 690 1368 762 cornibus
1398 687 1832 785 juvenculos.

505 789 691 863 Non
732 788 864 862 tibi
894 784 1131 859 susurri
1158 785 1534 861 fluminum
1564 781 1993 883 sonantium,

506 887 692 961 Non
726 886 1063 959 fibilantes
1093 885 1529 958 blandientur
1565 884 1797 978 ilices,

504 986 860 1094 Inirqnec
887 982 1193 1057 suadebit
1221 1006 1380 1057 aura
1407 981 1780 1057 somnulos.

506 1083 725 1159 Abire
752 1102 1019 1157 certum
1048 1079 1189 1174 est,
1243 1082 1318 1157 &
1352 1080 1606 1153 minaci
1638 1082 1710 1158 in
1741 1102 2026 1180 aequore

504 1180 650 1255 Iras
684 1181 913 1255 videre
944 1178 1328 1253 insanientis
1356 1179 1630 1274 Africi,

502 1278 768 1356 Videre
810 1278 1113 1352 monstra
1144 1302 1267 1376 per
1298 1274 1554 1350 fretum
1589 1278 1930 1372 natantia,

502 1376 607 1453 Et
639 1376 1059 1451 imminentis
1100 1376 1288 1448 mille
1315 1374 1435 1448 leti
1475 1376 1830 1473 imagines,
1853 1420 1870 1431 „

504 1479 767 1552 Amens
805 1476 991 1569 Iola,
1042 1497 1288 1575 parce,
1338 1496 1542 1571 parce
1577 1476 1948 1570 conqueri:

504 1572 683 1647 Tibi
716 1573 1171 1671 sequendum,
1224 1570 1361 1645 five
1394 1570 1555 1642 Nili
1587 1570 1908 1673 adiverit,

504 1670 809 1745 Hermes
839 1671 1108 1745 latentis
1137 1668 1410 1743 ultimas
1440 1667 1741 1767 origines
1761 1719 1789 1762 ,

504 1768 946 1871 Inhospitalis
976 1766 1114 1841 five
1147 1764 1296 1843 saxa
1327 1764 1641 1840 Caucafi.

503 1865 747 1962 Qare
772 1868 993 1941 valete
1024 1866 1369 1941 montium
1406 1865 1806 1959 cacumina,

502 1962 762 2048 ¹Valete
792 1986 1012 2078 qpaca
1047 1962 1326 2041 vallium
1358 1962 1634 2037 cubilia.

1035 2150 1972 2235 URCEIJS.

497 2433 507 2442 ,
644 2349 835 2425 lenus
861 2349 1158 2424 Falerno
1199 2375 1410 2451 quem
1439 2348 1688 2425 videtis
1717 2349 2039 2444 Urceus,

498 2365 623 2534 P
643 2449 841 2524 Olim
882 2447 1017 2524 fuit
1048 2449 1409 2542 Gubertus
1437 2447 1552 2521 ille
1595 2448 1954 2542 NoricuS,

501 2547 655 2640 Qui
689 2549 933 2622 ceteris
962 2547 1276 2622 bibacior
1302 2545 1680 2646 potoribus

496 2647 811 2723 Palmam
847 2643 1105 2720 ferebat
1137 2647 1400 2745 semper
1432 2647 1614 2719 inter
1643 2643 1892 2720 ebrios.

500 2745 573 2820 Is
604 2743 931 2818 aestuante
966 2745 1131 2820 Sole
1160 2745 1283 2818 sub
1313 2745 1690 2837 Canicula,

504 2843 703 2918 Dum
740 2860 972 2930 mente
1002 2843 1202 2933 laeta,
1252 2842 1422 2918 dum
1455 2840 1714 2916 solutus
1749 2841 2072 2917 omnibus

502 2941 713 3016 Curis
745 2938 1018 3012 vetusto
1046 2937 1409 3038 proluebat
1441 2937 1506 3010 se
1537 2963 1769 3035 mer03

470 3037 682 3130 .Q10
716 3035 983 3110 dulcius
1002 3085 1024 3118 ,
1075 3035 1522 3136 fragrantius,
1571 3035 1924 3134 potentius

500 3134 1015 3210 Cretae-feraces
1044 3157 1184 3206 non
1219 3135 1438 3208 tulere
1467 3133 1820 3232 pampini,

502 3232 764 3307 Claufis
794 3251 1075 3331 repente
1106 3230 1406 3306 faucium
1445 3232 1822 3325 mmtibuS,
1868 3280 1877 3290 -

500 3329 605 3403 Et
633 3331 869 3429 spiritu
900 3332 971 3413 in
1002 3329 1400 3428 praecordiis
1429 3331 1752 3406 coercito

502 3426 789 3502 Di&aeo
822 3429 1051 3502 obivit
1083 3427 1273 3502 dolio
1310 3429 1724 3504 tumentior.

502 3519 725 3622 Cujus
752 3526 1036 3600 cadaver
1070 3528 1295 3600 laturo
1326 3526 1593 3601 obefius
1623 3526 1734 3602 sue
1839 3598 1849 3609 ,

500 3621 687 3696 cum
724 3623 935 3696 mone
974 3625 1247 3698 tandem
1280 3624 1640 3723 putruiffet
1671 3627 1748 3702 in
1779 3607 2054 3722 lutum,

497 3720 695 3800 Rota
726 3720 1251 3822 peritusartifex
1284 3723 1578 3802 volubili

2413 1102 2542 1191 =10

2529 3189 2552 3219 .

2427 3253 2554 3318 ιο.
2643 3237 2670 3338 ζ

2102 3867 2158 3950 ὁ
2175 3735 2525 3910 Effinxst’:

2621 3905 2668 3939 Ο
