2802 4532
523 438 671 526 4⁶4
832 471 849 496 .
946 415 1322 496 coRN.
1373 409 2062 500 AMALTHEL

516 561 886 664 Excepifle
911 565 1103 640 rear?
1151 587 1373 664 neque
1400 563 1588 638 enim
1617 565 1970 640 succedere
1997 565 2194 640 coelo

516 665 643 738 Ob
674 665 1003 736 meritum
1041 661 1168 736 tibi
1192 669 1336 762 jam
1369 662 1613 757 licuit,
1665 685 1792 736 nec
1819 665 2080 738 conseia
2111 669 2332 738 virtus

514 763 789 838 Intulit.
838 763 1135 834 incautae
1168 763 1436 834 latitans
1464 763 1824 862 genitricis
1854 763 1932 834 in
1957 763 2129 836 ulnis

515 859 821 934 Accesti.
868 859 977 932 sed
1012 881 1139 958 age
1173 859 1509 950 Idalium,
1563 859 1952 960 Paphiasve
1981 877 2236 934 reverte
2369 910 2378 924 .
2435 877 2536 957 30

513 959 759 1056 Ocyus
788 955 871 1028 ad
900 953 1117 1048 sedes,
1174 977 1377 1056 teque
1411 957 1518 1030 his
1547 959 1797 1056 procul
1827 957 2022 1030 aufer
2053 959 2141 1031 ab
2177 959 2331 1032 oris.

516 1055 637 1130 Sic
665 1057 806 1146 vait,
858 1053 933 1127 ὅτ.
966 1054 1197 1154 magni
1230 1053 1568 1128 concuffit
1595 1057 1897 1132 culmina
1927 1055 2194 1130 mundi.

607 1153 711 1225 At
746 1172 915 1250 puer
942 1152 1085 1250 ipse
1111 1155 1303 1250 gravi
1335 1153 1680 1251 perculsus
1711 1153 1925 1227 corda
1967 1155 2219 1227 timore

512 1248 867 1348 Confugit
898 1248 983 1321 ad
1020 1265 1309 1322 matrem
1333 1301 1359 1341 ‚
1411 1249 1486 1324 ὅτ
1567 1250 1806 1324 uerulo
1837 1249 1930 1324 {ic
1961 1273 2086 1324 ore
2113 1248 2456 1350 profatur:

508 1350 665 1422 Cur
694 1346 1011 1421 miserum
1042 1345 1307 1420 irrifiss‘e
1330 1275 1562 1420 dolis}
1605 1373 1730 1422 cur
1759 1350 2044 1422 tendere
2065 1367 2234 1423 nato
2427 1359 2518 1444 35

510 1445 793 1543 Optasti
826 1443 1131 1518 staudes?
1180 1445 1442 1520 adeone
1469 1447 1716 1520 invisus
1746 1448 1972 1522 inanes

504 1543 683 1640 Spes
710 1543 922 1633 alere,
974 1543 1053 1616 &
1088 1545 1275 1617 vanis
1308 1545 1527 1616 merui
1560 1543 1913 1618 confidere
1942 1545 2192 1619 rebus?

506 1639 744 1734 Quam
779 1639 977 1713 satius
1004 1641 1243 1732 dulces
1272 1642 1453 1713 inter
1480 1661 1781 1741 myrteta
1809 1642 2036 1717 fuifl‘et

504 1736 853 1812 Exercere
877 1743 1083 1837 jocos
1102 1792 1128 1833 ‚
1176 1739 1565 1838 tenerisque
1595 1739 1914 1814 adludere
1941 1733 2294 1842 nymphis.

500 1836 703 1911 Ecce
724 1835 1098 1915 laceffitum
1130 1839 1323 1912 coeio
1367 1861 1554 1911 nunc
1573 1841 1902 1940 Juppiter
1925 1857 2156 1929 arcet,
2423 1847 2526 1924 40

503 1933 977 2033 Detruditque
1014 1936 1203 2034 polo.
1245 1939 1412 2034 quin
1443 1954 1522 2008 tu
1555 1959 1833 2048 quoque
1863 1937 2108 2008 saevior
2137 1933 2264 2004 iras

500 2031 826 2106 Adverfis
858 2035 1446 2125 incende·animis‚
1493 2051 1698 2132 atque
1721 2029 1860 2128 rpss
1887 2044 2178 2130 negetur

502 2129 725 2204 Terra
761 2133 974 2224 mihi,
1027 2130 1361 2230 cogasque
1394 2133 1596 2228 nigro
1641 2131 1906 2202 latitare
1929 2128 2050 2201 sub
2083 2129 2311 2202 Orco.

502 2223 657 2301 Vix
670 2253 749 2303 ea
764 2229 879 2303 cui
896 2230 1246 2303 lacrimans
1263 2229 1566 2331 genitrix
1587 2280 1612 2321 ,
1663 2226 2223 2327 quod-juppiter,
2241 2217 2518 2324 inquit?

499 2324 835 2402 Innocuae
863 2330 1041 2425 proli
1072 2348 1299 2402 tantos
1330 2324 1572 2400 afferre
1599 2328 1872 2399 dolore·
2069 2350 2076 2359 ·
2413 2338 2512 2417 45·

499 2423 825 2499 Debuit?
870 2450 953 2499 an
986 2429 1214 2525 patrio
1245 2424 1356 2498 vel
1398 2448 1524 2498 nos
1559 2424 2016 2523 prohibemur
2047 2416 2412 2520 Olympo?

498 2522 697 2597 Pone
726 2544 957 2599 tamen
993 2526 1331 2634 gemitus:
1382 2546 1554 2622 opus
1585 2522 1724 2616 est,
1778 2522 2140 2595 ultricibus
2169 2538 2322 2593 utar

496 2620 830 2714 Artibus,
882 2622 958 2695 &
984 2622 1204 2697 {olvat
1235 2622 1507 2695 meritas
1539 2621 1783 2721 injuria
1813 2638 2083 2721 poenas.

486 2716 752 2814 Dixit,
800 2718 1147 2795 &Idalias
1176 2736 1416 2793 natum
1449 2720 1817 2817 complexa
1851 2733 2136 2816 repente

496 2814 780 2892 Detulit
809 2820 881 2889 in
912 2816 1143 2910 filvas,
1190 2820 1422 2892 suaves
1459 2814 1580 2891 ubi
1614 2832 1880 2915 myrtus
1917 2817 2166 2886 odores
2411 2824 2506 2907 5⁹0

496 2917 765 3019 Spirat,
817 2914 1283 3013 &indulgent
1314 2916 1659 3015 Zephyris
1688 2912 2014 2987 felicibus·
2033 2934 2242 2985 aurae.

600 3014 735 3088 His
764 3030 1076 3111 propere·
1084 3014 1335 3088 exactis
1350 3066 1375 3105 ‚
1422 3014 1630 3087 celeri
1661 3008 1838 3084 secat
1869 3011 2123 3085 aethera
2153 3030 2360 3079 curru

494 3111 810 3193 AEoliam
842 3128 1082 3185 contra
1114 3111 1456 3208 Liparen,
1511 3112 1628 3185 ubi
1665 3108 2022 3183 Mulciber
2049 3109 2288 3205 ingens

494 3210 802 3284 Exercet
833 3209 1092 3325 rigidos
1124 3210 1371 3285 resonis
1398 3200 1758 3309 Cyclopas
1781 3210 1852 3280 in
1887 3208 2117 3280 antris.

496 3306 649 3382 Hic
676 3311 867 3407 operi
901 3312 1340 3405 ramathem,
1393 3308 1724 3408 certisque
1759 3305 2095 3380 laboribus
2122 3298 2373 3375 instans
2405 3316 2502 3400 55

496 3406 641 3481 Pro
672 3406 737 3479 se
767 3408 927 3504 quis
1004 3432 1045 3483 e
1078 3434 1311 3483 manus
1344 3409 1528 3479 duris
1561 3404 1928 3478 incudibus
1957 3400 2170 3475 addit.

494 3504 598 3577 Et
628 3527 811 3577 nunc
842 3506 909 3577 di
976 3510 1254 3607 tingunt
1289 3506 1560 3579 alternis
1595 3504 1842 3577 ictibus
1874 3513 2047 3595 κτα,

498 3598 723 3674 Nunc
750 3602 1011 3699 perfusa
1037 3609 1184 3679 lacu
1218 3606 1516 3678 formant
1535 3654 1560 3691 ‚
1611 3605 1893 3701 ignique
1925 3614 2294 3701 reponunt.

498 3698 697 3803 Ergo
728 3698 851 3773 ubi
878 3698 1209 3780 terrificas
1231 3705 1440 3780 subiit
1481 3702 1720 3777 Venus
1749 3696 1888 3797 ipsa
1915 3718 2240 3779 cavernas
2253 3746 2282 3792 ‚
2309 3790 2516 3867 Con.
