2802 4532
289 311 562 410 -184
706 258 2144 392 EPIGRA'MMATON

423 483 451 510 ·
583 447 848 530 Mones
866 418 1181 550 ‘adjicere
1195 502 1224 544 ‚
1274 448 1353 526 &
1386 449 1950 532 columbulorum

581 551 675 627 In
713 574 986 627 morem
1004 601 1031 643 ‚
1080 568 1353 631 teneros
1376 550 1554 624 inire
1579 549 1794 647 lusus,
2357 575 2387 631 t
2399 573 2448 656 5

584 651 703 724 Ac
734 647 1062 723 blandum
1098 647 1303 724 fimul
1330 648 1641 722 excitare
1667 673 2006 736 murmur.

582 746 777 822 Haec
806 744 963 822 sunt
988 743 1214 822 atavia
1240 744 1560 820 dulciora
1587 747 1794 824 mene

582 845 945 944 Hyblaeo,
998 845 1075 918 δε
1106 846 1362 920 Siculae
1403 845 1672 943 liquore
1703 868 1974 924 mnnae,

570 937 775 1022 Haec
804 942 941 1018 sola
972 941 1473 1040 ambrofiaeque
1501 941 1920 1044 nefitarisque

578 1044 849 1118 Succos
878 1039 1203 1135 fundere,
1253 1039 1292 1112 s
1280 1040 1393 1114 ola
1419 1041 1672 1115 habere
1703 1045 2009 1142 poffunt.
2338 1067 2438 1119 zo

580 1139 775 1232 Quae
808 1137 861 1212 fi
892 1141 1323 1240 contigerint
1350 1141 1563 1233 mihi,
1617 1141 1886 1242 tuisque

581 1237 987 1312 Admovere
1021 1239 1191 1312 finas
1222 1259 1504 1312 manum
1534 1241 1844 1338 papillis:

418 1357 429 1369 ·
578 1333 766 1431 Qis
796 1355 968 1412 tunc
996 1337 1304 1428 divitias,
1354 1340 1509 1432 quis
1535 1359 1818 1436 aurum,
1869 1339 1951 1416 ὅτ.
1975 1340 2242 1416 omneis

576 1434 759 1508 Affis
794 1459 909 1508 me
938 1453 1141 1536 putet
1172 1433 1511 1506 aestimare
1538 1434 1776 1532 reges?

568 1532 731 1626 Jam
764 1555 907 1605 non
944 1533 1298 1603 maluerim
1334 1530 1512 1602 mihi
1546 1531 1774 1604 beatas
2343 1555 2440 1635 25¹

408 1648 413 1658 ’
570 1627 911 1722 Aurorae,
962 1627 1385 1726 Venerisque
1414 1627 1666 1702 habere
1697 1625 1991 1712 mihis:

572 1725 761 1800 Non
799 1727 1036 1802 Hebes
1064 1727 1401 1802 thalamos
1433 1727 1805 1802 beatiores:

566 1825 790 1920 Non,
846 1825 897 1900 fi
925 1820 1178 1900 deierat
1210 1826 1363 1901 haec
1398 1823 1590 1902 suum
1635 1828 2002 1901 maritume
2071 1875 2078 1882 -

572 1923 799 2013 Non,
852 1923 901 1994 fi
936 1946 1050 1994 me
1082 1941 1284 2020 roget
1309 1922 1826 2022 usquequaque:
1877 1945 2064 2016 non,
2117 1919 2172 1994 fi

573 2020 945 2107 AEternam
978 2018 1155 2094 mihi
1182 2019 1514 2119 spondeat
1535 2026 1922 2120 juventam.
2340 2039 2436 2131 30

1344 2215 1542 2297 VII.

560 2406 721 2485 DE
774 2411 1274 2493 NATAM
1325 2411 1828 2491 ALTILII
1878 2410 2282 2489 VATIS.

623 2598 891 2677 usarum
926 2598 1048 2677 lux
1080 2599 1301 2693 alma,
1352 2624 1544 2675 meus
1577 2602 1692 2675 cui
1728 2601 1932 2677 thura
1959 2603 2324 2701 quotannis
2344 2593 2403 2693 ,”

393 2610 605 2786 Μ
706 2696 849 2771 Cui
882 2697 1013 2777 rite
1048 2698 1329 2772 Altilius
1358 2698 1588 2783 fundit
1621 2701 1692 2773 in
1721 2700 1886 2798 igne
1915 2722 2220 2775 merum:

392 2798 672 2893 Accipe
706 2795 993 2869 servatos
1026 2796 1343 2893 hyberno
1378 2796 1639 2895 frigore
1669 2796 1914 2885 flores,

488 2893 815 2993 Quaeque
845 2892 1127 2971 madent
1160 2895 1406 2971 Siculis
1439 2915 1658 2965 annua
1686 2894 1825 2965 liba
1859 2894 2048 2965 favis.

392 2990 987 3089 Quandoquidem
1015 2982 1638 3089 magnum'Lati0‚
1689 3012 2061 3087 rarumque
2079 2984 2320 3061 dedisti
2368 3012 2417 3089 5

491 3088 786 3190 Pignus,
840 3088 918 3161 &
948 3090 1191 3179 Aoniis
1225 3112 1365 3163 non
1394 3088 1546 3161 leve
1583 3110 1840 3159 nornen
1867 3086 2078 3183 aquis:

390 3190 499 3275 At
526 3206 604 3263 tu
622 3240 646 3278 ‚
700 3186 794 3262 fic
828 3185 1075 3271 tristeis
1106 3210 1454 3283 nunquam
1483 3184 1838 3282 experiare
1863 3183 2210 3279 tenebram,

492 3286 610 3359 Sic
644 3286 901 3359 Phoebi
935 3284 1159 3358 nitido
1183 3282 1448 3382 semper
1479 3285 1746 3358 honore
1777 3282 2027 3357 mices:

390 3380 631 3457 Fausta
655 3432 683 3474 ,
734 3408 1021 3481 precor,
1070 3382 1323 3481 longos
1356 3404 1584 3457 tamen
1599 3380 1984 3479 exspeetata
2003 3408 2128 3483 per
2155 3406 2416 3477 annos,

488 3478 876 3595 Altilioque
911 3503 1036 3573 tuo
1072 3482 1408 3571 concolor
1441 3480 1649 3581 usque
1679 3479 1848 3569 redi.
2323 3506 2416 3561 ιο,
2496 3535 2524 3561 .

2243 3691 2410 3781 AD.
