2802 4532
663 411 835 553 jo.
882 385 2009 549 BAPT.„AMALTHEI⁸.·
2114 388 2121 394 ⁵
2166 451 2293 553 381
2343 393 2354 402 ’

385 602 484 676 At
513 622 674 693 VOS,
727 625 882 702 quae
913 623 1235 690 nemora,
1287 595 1363 672 δε
1389 599 1687 670 rorantia
1722 595 2033 674 fontibus
2058 623 2251 682 antra
2406 597 2414 606 ’

277 699 596 773 Incolitis
629 701 1040 798 Nymphae,
1091 697 1334 769 vestras
1369 695 1420 767 s1
1450 695 1689 794 saepius
1714 719 1856 769 aras

278 795 642 890 Verbena,
693 797 1062 896 primisque
1091 791 1260 870 tofis
1289 793 1575 869 donavit
1606 793 1897 892 Hyella,

280 893 378 966 Et
416 897 608 969 dedit
639 897 924 968 aureolis
964 891 1254 991 insignia
1282 891 1456 965 serta
1488 892 1877 992 corymbi3‚
2031 938 2042 949 -

281 988 435 1068 Vos
464 995 640 1066 ferte
671 991 856 1066 Eoos
886 993 1171 1066 ditantia
1199 991 1515 1063 cinnam-a
1548 990 1779 1080 lucos,
2200 1019 2293 1098 35

277 1085 721 1186 Felicemque
751 1092 1062 1164 Arabum
1095 1087 1367 1160 messem
1387 1139 1411 1178 ‚
1464 1087 1895 1188 Assyrio-sque
1928 1089 2243 1190 liquores.

277 1187 436 1265 Vos
470 1209 730 1286 aegram
765 1187 1108 1277 refovete,
1162 1185 1238 1259 ὃς
1281 1185 1501 1258 tristes
1538 1186 1776 1282 pellite
1808 1187 2109 1266 morbos,

379 1290 488 1360 En
523 1292 763 1383 virgo,
815 1286 1140 1358 exanimis
1174 1287 1418 1382 virg0‚
1469 1284 1817 1377 tabescit,
1842 1286 1915 1360 &t
1946 1287 2061 1378 ille

279 1383 410 1457 Ille
445 1381 659 1456 decor
690 1381 882 1455 roseo
913 1386 1048 1482 iam
1079 1387 1218 1480 jam
1254 1381 1582 1454 defloruit
1618 1406 1760 1454 ore.

278 1481 532 1575 Qualis
561 1503 940 1578 purpureus
973 1481 1220 1582 segreta
1250 1481 1323 1551 in
1353 1479 1527 1552 valle
1556 1479 2009 1577 hyacinthus,
2190 1507 2289 1584 40

277 1577 522 1668 Quem
557 1599 772 1652 mater
801 1579 1001 1652 tellus
1045 1579 1254 1668 aluit,
1303 1578 1713 1676 gremioque
1747 1601 2104 1680 receptum

167 1666 206 1699 ’
271 1676 549 1751 Eduxit
580 1677 772 1778 largo
799 1701 996 1768 rore,
1045 1677 1119 1750 ὃς
1155 1675 1471 1748 felicibus
1500 1676 1715 1767 auru,
1824 1747 1826 1750 Α

272 1777 354 1850 Si
393 1773 558 1846 coeli
589 1774 834 1848 invafit
865 1775 1110 1848 vitium
1133 1827 1158 1868 ,
1207 1791 1324 1846 aut
1359 1769 1726 1846 immanior
1760 1773 2045 1868 Auster,

258 1872 604 1948 Paulatim
637 1873 832 1946 lento
861 1871 1106 1946 formae
1139 1871 1461 1969 spoliatus
1489 1871 1758 1944 honore
2056 1897 2066 1905 ·
2360 1952 2368 1958 ,

247 1970 585 2064 Deficit,
637 1973 710 2046 ὅτ.
749 1972 1048 2046 moriens
1078 1970 1428 2044 arentibus
1462 1969 1743 2044 incubat
1775 1970 2027 2046 herbis,
2186 2001 2285 2080 45

367 2074 590 2144 Nunc
617 2073 824 2145 etiam
859 2070 1154 2158 insuetos
1179 2067 1516 2142 testantur
1544 2093 1699 2142 rura
1724 2069 2033 2161 dolorm,

263 2169 368 2244 Et
398 2168 706 2256 desolatis
733 2167 1155 2266 squalescunt
1185 2166 1436 2266 pabula
1468 2170 1771 2265 campis:

258 2268 406 2339 Pro
437 2266 622 2339 viola
655 2266 896 2339 mediis
927 2270 1167 2341 horret
1199 2266 1497 2365 paliurus
1528 2266 1601 2338 in
1634 2268 1847 2362 agris:

15 2405 19 2426 ι
131 2429 139 2437 .
261 2362 714 2459 Candidaque
741 2363 998 2443 inflexo
1032 2366 1431 2435 ceciderunt
1466 2362 1606 2436 lilia
1634 2365 1906 2461 thyrso:

261 2460 366 2533 Et
407 2461 596 2529 nulla
629 2460 910 2555 irriguas
943 2463 1246 2557 pingunt
1280 2462 1587 2533 vaccinia
1613 2463 1824 2559 ripas:
2179 2488 2281 2563 50

263 2556 367 2631 Et
401 2557 644 2628 desunt
679 2556 946 2627 nemori
973 2556 1283 2644 Ebudes,
1333 2556 1409 2628 &
1439 2560 1747 2657 gramina
1777 2559 2009 2658 pratis·

259 2654 454 2727 Fons
489 2672 766 2751 quoque
799 2650 1108 2725 deliliens
1139 2661 1471 2751 praerupti
1500 2658 1779 2731 tramite
1805 2657 1970 2729 clivi

157 2786 168 2793 ·
261 2752 642 2826 Contraxit
673 2750 962 2849 liquidas
991 2773 1173 2825 nunc
1209 2770 1411 2824 terra:
1441 2757 1511 2825 in
1542 2751 1788 2826 viscera
1818 2776 2017 2831 venas
2028 2806 2059 2847 ,

261 2853 364 2925 Et
398 2846 738 2938 defiderio
767 2848 1084 2921 formosae
1122 2847 1441 2925 accensus
1478 2852 1751 2949 Hyellae

261 2948 412 3023 Vix
447 2946 666 3021 fertur
695 2949 883 3036 oenui
915 2969 1038 3043 per
1064 2950 1236 3021 levia
1265 2947 1417 3023 saxa
1446 2951 1730 3059 susurro.
1904 3028 1911 3035 ,
2174 2968 2268 3048 55

237 3078 251 3089 ·
357 3045 570 3120 Abde·
599 3066 814 3143 caput
845 3041 1250 3140 miserande,
1302 3048 1378 3121 ὅτ.
1408 3048 1617 3123 &affl-a
1648 3044 1959 3121 turbidus
1992 3052 2160 3118 urna

255 3142 586 3219 Museo-so
613 3143 970 3218 occultare
1003 3145 1174 3236 fitu,
1224 3146 1558 3245 caecisque
1584 3144 1899 3220 latebris:

256 3244 438 3317 Non
471 3244 570 3317 est
594 3295 619 3336 ,
670 3266 828 3343 quae
856 3244 1090 3317 vitreis
1115 3264 1346 3319 tecum
1392 3244 1699 3319 colludat
1729 3248 1801 3316 in
1830 3242 2053 3314 undis.

258 3340 464 3413 Abde
495 3360 708 3438 caput
743 3339 1154 3433 miserande,
1205 3361 1516 3442 cavoque
1545 3342 1835 3415 inclusus
1870 3341 1940 3411 in
1969 3358 2195 3415 antro·

257 3438 362 3513 Et
393 3437 613 3510 lucem
645 3438 1041 3536 indignare,
1089 3440 1161 3513 δί
1199 3446 1419 3541 aperti
1446 3442 1705 3513 lumina
1731 3436 1936 3510 coeli:
2164 3448 2261 3515 60

257 3536 442 3609 Non
475 3533 612 3625 est,
661 3558 816 3631 quae
849 3538 1102 3638 blando
1135 3558 1525 3611 currentem
1560 3542 1864 3610 carmine
1895 3532 2111 3609 fistat:

257 3634 340 3709 N
349 3654 442 3702 on
477 3630 616 3721 est,
667 3654 821 3731 quae
853 3634 1085 3707 dulces
1111 3635 1344 3709 latices
1377 3637 1561 3707 dulci
1594 3634 1859 3707 hauriat
1889 3658 2031 3708 ore.

351 3726 686 3805 Crudeles
710 3731 980 3829 morbi,
1027 3734 1258 3811 vestro
1287 3733 1374 3809 de
1399 3730 1651 3811 semine
1688 3731 1877 3809 labes
2000 3831 2039 3905 I
2088 3741 2221 3902 &di

538 3851 553 3867 ’
1943 3876 1969 3908 .
2042 3852 2085 3903 n
2112 3853 2149 3903 e
2224 3846 2257 3905 t
