<?xml version="1.0" encoding="UTF-8"?>
<!DOCTYPE html PUBLIC "-//W3C//DTD XHTML 1.0 Transitional//EN"
    "http://www.w3.org/TR/xhtml1/DTD/xhtml1-transitional.dtd">
<html xmlns="http://www.w3.org/1999/xhtml" xml:lang="en" lang="en">
 <head>
  <title>
</title>
<meta http-equiv="Content-Type" content="text/html;charset=utf-8" />
  <meta name='ocr-system' content='tesseract 3.04.00' />
  <meta name='ocr-capabilities' content='ocr_page ocr_carea ocr_par ocr_line ocrx_word'/>
</head>
<body>
  <div class='ocr_page' id='page_1' title='image "actiisincerisan00amalgoog_0087.png"; bbox 0 0 2802 4532; ppageno 0'>
   <div class='ocr_carea' id='block_1_1' title="bbox 467 400 1908 483">
    <p class='ocr_par' dir='ltr' id='par_1_1' title="bbox 467 400 1908 483">
     <span class='ocr_line' id='line_1_1' title="bbox 467 400 1908 483; baseline -0.001 -1"><span class='ocrx_word' id='word_1_1' title='bbox 467 406 562 483; x_wconf 88' lang='lat'>68</span> <span class='ocrx_word' id='word_1_2' title='bbox 1003 400 1908 480; x_wconf 87' lang='lat' dir='ltr'>MOPSUS</span> 
     </span>
    </p>
   </div>
   <div class='ocr_carea' id='block_1_2' title="bbox 471 540 2539 727">
    <p class='ocr_par' dir='ltr' id='par_1_2' title="bbox 471 540 2539 727">
     <span class='ocr_line' id='line_1_2' title="bbox 471 540 2539 647; baseline 0.005 -27"><span class='ocrx_word' id='word_1_3' title='bbox 471 544 760 631; x_wconf 75' lang='lat' dir='ltr'>Nativis</span> <span class='ocrx_word' id='word_1_4' title='bbox 791 544 1133 619; x_wconf 83' lang='lat' dir='ltr'>concham</span> <span class='ocrx_word' id='word_1_5' title='bbox 1173 542 1513 633; x_wconf 69' lang='lat' dir='ltr'>maculi5‚</span> <span class='ocrx_word' id='word_1_6' title='bbox 1562 540 1637 615; x_wconf 85' lang='lat'>&amp;</span> <span class='ocrx_word' id='word_1_7' title='bbox 1670 545 1933 620; x_wconf 87' lang='lat' dir='ltr'>murice</span> <span class='ocrx_word' id='word_1_8' title='bbox 1968 546 2270 647; x_wconf 60' lang='lat' dir='ltr'>pictam:</span> <span class='ocrx_word' id='word_1_9' title='bbox 2362 572 2497 631; x_wconf 82' lang='lat'>100</span> <span class='ocrx_word' id='word_1_10' title='bbox 2534 566 2539 571; x_wconf 84' lang='lat'>&#39;</span> 
     </span>
     <span class='ocr_line' id='line_1_3' title="bbox 471 640 1881 727; baseline -0.002 -8"><span class='ocrx_word' id='word_1_11' title='bbox 471 644 600 719; x_wconf 89' lang='lat' dir='ltr'>Ille</span> <span class='ocrx_word' id='word_1_12' title='bbox 632 664 1000 719; x_wconf 80' lang='lat' dir='ltr'>recurvato</span> <span class='ocrx_word' id='word_1_13' title='bbox 1035 640 1288 717; x_wconf 80' lang='lat' dir='ltr'>nodosa</span> <span class='ocrx_word' id='word_1_14' title='bbox 1315 640 1572 715; x_wconf 82' lang='lat' dir='ltr'>coralia</span> <span class='ocrx_word' id='word_1_15' title='bbox 1608 660 1881 727; x_wconf 84' lang='lat' dir='ltr'>trunco.</span> 
     </span>
    </p>
   </div>
   <div class='ocr_carea' id='block_1_3' title="bbox 471 845 2498 949">
    <p class='ocr_par' dir='ltr' id='par_1_3' title="bbox 471 845 2498 949">
     <span class='ocr_line' id='line_1_4' title="bbox 471 845 2498 949; baseline 0 0"><span class='ocrx_word' id='word_1_16' title='bbox 471 845 1551 949; x_wconf 87' lang='lat' dir='ltr'>FERDINANDO</span> <span class='ocrx_word' id='word_1_17' title='bbox 1642 846 2498 949; x_wconf 86' lang='lat' dir='ltr'>FREDERICI</span> 
     </span>
    </p>
   </div>
   <div class='ocr_carea' id='block_1_4' title="bbox 639 1040 2327 1554">
    <p class='ocr_par' dir='ltr' id='par_1_4' title="bbox 639 1040 2327 1554">
     <span class='ocr_line' id='line_1_5' title="bbox 639 1040 2327 1193; baseline 0.002 -28"><span class='ocrx_word' id='word_1_18' title='bbox 639 1082 892 1193; x_wconf 81' lang='lat' dir='ltr'>Regis</span> <span class='ocrx_word' id='word_1_19' title='bbox 951 1076 1052 1161; x_wconf 80' lang='lat' dir='ltr'>F.</span> <span class='ocrx_word' id='word_1_20' title='bbox 1107 1074 1551 1187; x_wconf 84' lang='lat' dir='ltr'>Aragonio,</span> <span class='ocrx_word' id='word_1_21' title='bbox 1604 1072 2005 1161; x_wconf 64' lang='lat' dir='ltr'>Calabria</span> <span class='ocrx_word' id='word_1_22' title='bbox 2048 1040 2285 1168; x_wconf 53' lang='lat' dir='ltr'>Du&#39;ci</span> <span class='ocrx_word' id='word_1_23' title='bbox 2298 1142 2327 1187; x_wconf 89' lang='lat'><strong><em>,</em></strong></span> 
     </span>
     <span class='ocr_line' id='line_1_6' title="bbox 739 1265 2246 1375; baseline 0.003 -14"><span class='ocrx_word' id='word_1_24' title='bbox 739 1282 1423 1362; x_wconf 78' lang='lat' dir='ltr'>ECLOGA</span> <span class='ocrx_word' id='word_1_25' title='bbox 1522 1265 2246 1375; x_wconf 75' lang='lat' dir='ltr'>QUARTA‘.</span> 
     </span>
     <span class='ocr_line' id='line_1_7' title="bbox 1071 1476 1867 1554; baseline 0.003 -5"><span class='ocrx_word' id='word_1_26' title='bbox 1071 1476 1132 1549; x_wconf 90' lang='lat' dir='ltr'>P</span> <span class='ocrx_word' id='word_1_27' title='bbox 1179 1476 1258 1550; x_wconf 92' lang='lat' dir='ltr'>R</span> <span class='ocrx_word' id='word_1_28' title='bbox 1295 1476 1372 1551; x_wconf 88' lang='lat' dir='ltr'>O</span> <span class='ocrx_word' id='word_1_29' title='bbox 1424 1477 1499 1550; x_wconf 90' lang='lat' dir='ltr'>T</span> <span class='ocrx_word' id='word_1_30' title='bbox 1546 1476 1613 1553; x_wconf 86' lang='lat' dir='ltr'><strong>E</strong></span> <span class='ocrx_word' id='word_1_31' title='bbox 1664 1476 1743 1553; x_wconf 88' lang='lat' dir='ltr'>U</span> <span class='ocrx_word' id='word_1_32' title='bbox 1792 1480 1867 1554; x_wconf 85' lang='lat' dir='ltr'>S.</span> 
     </span>
    </p>
   </div>
   <div class='ocr_carea' id='block_1_5' title="bbox 325 1671 2521 3350">
    <p class='ocr_par' dir='ltr' id='par_1_5' title="bbox 325 1671 2521 3350">
     <span class='ocr_line' id='line_1_8' title="bbox 663 1671 2241 1775; baseline 0.002 -23"><span class='ocrx_word' id='word_1_33' title='bbox 663 1702 800 1753; x_wconf 89' lang='lat' dir='ltr'>unc</span> <span class='ocrx_word' id='word_1_34' title='bbox 843 1676 1147 1775; x_wconf 87' lang='lat' dir='ltr'>primum</span> <span class='ocrx_word' id='word_1_35' title='bbox 1177 1692 1372 1747; x_wconf 81' lang='lat' dir='ltr'>notas</span> <span class='ocrx_word' id='word_1_36' title='bbox 1407 1671 1577 1748; x_wconf 88' lang='lat' dir='ltr'>velis</span> <span class='ocrx_word' id='word_1_37' title='bbox 1616 1672 1993 1771; x_wconf 75' lang='lat' dir='ltr'>majoribus</span> <span class='ocrx_word' id='word_1_38' title='bbox 2025 1682 2241 1755; x_wconf 87' lang='lat' dir='ltr'>undas</span> 
     </span>
     <span class='ocr_line' id='line_1_9' title="bbox 663 1770 2489 1881; baseline 0.003 -31"><span class='ocrx_word' id='word_1_39' title='bbox 663 1776 1028 1850; x_wconf 86' lang='lat' dir='ltr'>Currimus</span> <span class='ocrx_word' id='word_1_40' title='bbox 1040 1823 1067 1867; x_wconf 86' lang='lat'>‚</span> <span class='ocrx_word' id='word_1_41' title='bbox 1085 1798 1130 1844; x_wconf 92' lang='lat' dir='ltr'>o</span> <span class='ocrx_word' id='word_1_42' title='bbox 1149 1772 1485 1873; x_wconf 87' lang='lat' dir='ltr'>nymphae</span> <span class='ocrx_word' id='word_1_43' title='bbox 1502 1770 1892 1847; x_wconf 83' lang='lat' dir='ltr'>Crateridcs</span> <span class='ocrx_word' id='word_1_44' title='bbox 1916 1800 1933 1846; x_wconf 74' lang='grc' dir='ltr'><strong><em>ε</em></strong></span> <span class='ocrx_word' id='word_1_45' title='bbox 1953 1774 2197 1853; x_wconf 87' lang='lat' dir='ltr'>ordine</span> <span class='ocrx_word' id='word_1_46' title='bbox 2214 1778 2489 1881; x_wconf 87' lang='lat' dir='ltr'>quando</span> 
     </span>
     <span class='ocr_line' id='line_1_10' title="bbox 463 1870 2263 1971; baseline 0 -20"><span class='ocrx_word' id='word_1_47' title='bbox 463 1876 724 1951; x_wconf 73' lang='lat' dir='ltr'>Suadet</span> <span class='ocrx_word' id='word_1_48' title='bbox 753 1898 994 1967; x_wconf 79' lang='lat' dir='ltr'>amor,</span> <span class='ocrx_word' id='word_1_49' title='bbox 1023 1872 1276 1945; x_wconf 74' lang='lat' dir='ltr'>-charae</span> <span class='ocrx_word' id='word_1_50' title='bbox 1313 1873 1572 1971; x_wconf 87' lang='lat' dir='ltr'>primos</span> <span class='ocrx_word' id='word_1_51' title='bbox 1606 1870 1914 1944; x_wconf 88' lang='lat' dir='ltr'><strong>Telluris</strong></span> <span class='ocrx_word' id='word_1_52' title='bbox 1964 1872 2263 1950; x_wconf 85' lang='lat' dir='ltr'>honores</span> 
     </span>
     <span class='ocr_line' id='line_1_11' title="bbox 457 1969 2102 2069; baseline -0.005 -19"><span class='ocrx_word' id='word_1_53' title='bbox 457 1974 755 2050; x_wconf 87' lang='lat' dir='ltr'><strong>Dicere:</strong></span> <span class='ocrx_word' id='word_1_54' title='bbox 813 1970 1134 2046; x_wconf 81' lang='lat' dir='ltr'>caerulcae</span> <span class='ocrx_word' id='word_1_55' title='bbox 1164 1972 1401 2069; x_wconf 86' lang='lat' dir='ltr'>magni</span> <span class='ocrx_word' id='word_1_56' title='bbox 1436 1972 1739 2043; x_wconf 84' lang='lat' dir='ltr'>Crateris</span> <span class='ocrx_word' id='word_1_57' title='bbox 1762 1969 2102 2065; x_wconf 82' lang='lat' dir='ltr'>alumnae‚</span> 
     </span>
     <span class='ocr_line' id='line_1_12' title="bbox 457 2067 2480 2175; baseline -0.002 -30"><span class='ocrx_word' id='word_1_58' title='bbox 457 2073 766 2147; x_wconf 86' lang='lat' dir='ltr'>Telluris</span> <span class='ocrx_word' id='word_1_59' title='bbox 799 2072 1060 2169; x_wconf 82' lang='lat' dir='ltr'>primos</span> <span class='ocrx_word' id='word_1_60' title='bbox 1091 2067 1322 2141; x_wconf 77' lang='lat' dir='ltr'>charae</span> <span class='ocrx_word' id='word_1_61' title='bbox 1353 2068 1664 2141; x_wconf 85' lang='lat' dir='ltr'>dicamus</span> <span class='ocrx_word' id='word_1_62' title='bbox 1704 2068 2042 2160; x_wconf 76' lang='lat' dir='ltr'>honoreS,</span> <span class='ocrx_word' id='word_1_63' title='bbox 2436 2098 2480 2175; x_wconf 86' lang='lat'>5</span> 
     </span>
     <span class='ocr_line' id='line_1_13' title="bbox 453 2166 2348 2266; baseline 0.001 -21"><span class='ocrx_word' id='word_1_64' title='bbox 453 2172 654 2245; x_wconf 89' lang='lat' dir='ltr'>Dum</span> <span class='ocrx_word' id='word_1_65' title='bbox 693 2170 894 2242; x_wconf 81' lang='lat' dir='ltr'>radiis</span> <span class='ocrx_word' id='word_1_66' title='bbox 930 2166 1199 2241; x_wconf 84' lang='lat' dir='ltr'>fervens</span> <span class='ocrx_word' id='word_1_67' title='bbox 1230 2166 1537 2239; x_wconf 87' lang='lat' dir='ltr'>medium</span> <span class='ocrx_word' id='word_1_68' title='bbox 1576 2167 1674 2239; x_wconf 85' lang='lat' dir='ltr'>sol</span> <span class='ocrx_word' id='word_1_69' title='bbox 1714 2169 2049 2265; x_wconf 88' lang='lat' dir='ltr'>excoquit</span> <span class='ocrx_word' id='word_1_70' title='bbox 2085 2194 2348 2266; x_wconf 85' lang='lat' dir='ltr'>aequor.</span> 
     </span>
     <span class='ocr_line' id='line_1_14' title="bbox 553 2264 2243 2366; baseline 0.002 -26"><span class='ocrx_word' id='word_1_71' title='bbox 553 2269 679 2341; x_wconf 90' lang='lat' dir='ltr'>Tu</span> <span class='ocrx_word' id='word_1_72' title='bbox 715 2291 879 2340; x_wconf 89' lang='lat' dir='ltr'>vero</span> <span class='ocrx_word' id='word_1_73' title='bbox 909 2266 1152 2365; x_wconf 83' lang='lat' dir='ltr'>patriae</span> <span class='ocrx_word' id='word_1_74' title='bbox 1176 2265 1450 2366; x_wconf 90' lang='lat' dir='ltr'>juvenis</span> <span class='ocrx_word' id='word_1_75' title='bbox 1479 2266 1725 2354; x_wconf 68' lang='lat' dir='ltr'>dcem,</span> <span class='ocrx_word' id='word_1_76' title='bbox 1782 2264 1969 2339; x_wconf 89' lang='lat' dir='ltr'>edite</span> <span class='ocrx_word' id='word_1_77' title='bbox 2006 2269 2243 2364; x_wconf 86' lang='lat' dir='ltr'>coe10,</span> 
     </span>
     <span class='ocr_line' id='line_1_15' title="bbox 449 2361 2089 2466; baseline -0.002 -22"><span class='ocrx_word' id='word_1_78' title='bbox 449 2368 626 2464; x_wconf 85' lang='lat' dir='ltr'>Spes</span> <span class='ocrx_word' id='word_1_79' title='bbox 661 2367 928 2466; x_wconf 87' lang='lat' dir='ltr'>generis</span> <span class='ocrx_word' id='word_1_80' title='bbox 963 2366 1176 2438; x_wconf 87' lang='lat' dir='ltr'>tanti:</span> <span class='ocrx_word' id='word_1_81' title='bbox 1233 2361 1343 2438; x_wconf 89' lang='lat' dir='ltr'>scu</span> <span class='ocrx_word' id='word_1_82' title='bbox 1377 2385 1451 2438; x_wconf 87' lang='lat' dir='ltr'>te</span> <span class='ocrx_word' id='word_1_83' title='bbox 1486 2363 1791 2438; x_wconf 85' lang='lat' dir='ltr'>nimbosa</span> <span class='ocrx_word' id='word_1_84' title='bbox 1828 2367 2089 2461; x_wconf 87' lang='lat' dir='ltr'>Pyrene</span> 
     </span>
     <span class='ocr_line' id='line_1_16' title="bbox 447 2463 2112 2562; baseline 0 -24"><span class='ocrx_word' id='word_1_85' title='bbox 447 2467 592 2538; x_wconf 82' lang='lat' dir='ltr'>Pro</span> <span class='ocrx_word' id='word_1_86' title='bbox 627 2465 814 2538; x_wconf 81' lang='lat' dir='ltr'>dulci</span> <span class='ocrx_word' id='word_1_87' title='bbox 847 2465 1100 2552; x_wconf 88' lang='lat' dir='ltr'>Latio,</span> <span class='ocrx_word' id='word_1_88' title='bbox 1155 2487 1285 2562; x_wconf 86' lang='lat' dir='ltr'>pro</span> <span class='ocrx_word' id='word_1_89' title='bbox 1321 2463 1565 2534; x_wconf 84' lang='lat' dir='ltr'>nostris</span> <span class='ocrx_word' id='word_1_90' title='bbox 1595 2463 1860 2536; x_wconf 83' lang='lat' dir='ltr'>detinet</span> <span class='ocrx_word' id='word_1_91' title='bbox 1895 2465 2112 2538; x_wconf 82' lang='lat' dir='ltr'>arvis:</span> 
     </span>
     <span class='ocr_line' id='line_1_17' title="bbox 401 2559 2483 2662; baseline 0.002 -25"><span class='ocrx_word' id='word_1_92' title='bbox 401 2601 409 2608; x_wconf 77' lang='lat'><em>-</em></span> <span class='ocrx_word' id='word_1_93' title='bbox 449 2563 592 2637; x_wconf 88' lang='lat' dir='ltr'>Seu</span> <span class='ocrx_word' id='word_1_94' title='bbox 626 2585 842 2662; x_wconf 84' lang='lat' dir='ltr'>vagus</span> <span class='ocrx_word' id='word_1_95' title='bbox 865 2560 1148 2659; x_wconf 67' lang='lat' dir='ltr'>objecto</span> <span class='ocrx_word' id='word_1_96' title='bbox 1181 2561 1569 2632; x_wconf 87' lang='lat' dir='ltr'>munimine</span> <span class='ocrx_word' id='word_1_97' title='bbox 1602 2560 1859 2633; x_wconf 86' lang='lat' dir='ltr'>claudit</span> <span class='ocrx_word' id='word_1_98' title='bbox 1880 2559 2170 2636; x_wconf 69' lang='lat' dir='ltr'>dberm:</span> <span class='ocrx_word' id='word_1_99' title='bbox 2395 2588 2483 2644; x_wconf 76' lang='grc' dir='ltr'>ιο</span> 
     </span>
     <span class='ocr_line' id='line_1_18' title="bbox 325 2656 2143 2758; baseline -0.001 -23"><span class='ocrx_word' id='word_1_100' title='bbox 325 2671 329 2679; x_wconf 86' lang='grc'>’</span> <span class='ocrx_word' id='word_1_101' title='bbox 449 2663 742 2757; x_wconf 85' lang='lat' dir='ltr'>Rumpe</span> <span class='ocrx_word' id='word_1_102' title='bbox 777 2681 1035 2732; x_wconf 75' lang='lat' dir='ltr'>moras:</span> <span class='ocrx_word' id='word_1_103' title='bbox 1091 2679 1221 2730; x_wconf 90' lang='lat' dir='ltr'>nec</span> <span class='ocrx_word' id='word_1_104' title='bbox 1254 2680 1324 2731; x_wconf 88' lang='lat' dir='ltr'>tc</span> <span class='ocrx_word' id='word_1_105' title='bbox 1355 2657 1504 2730; x_wconf 80' lang='lat' dir='ltr'>latis</span> <span class='ocrx_word' id='word_1_106' title='bbox 1552 2656 1877 2756; x_wconf 83' lang='lat' dir='ltr'>Hispania</span> <span class='ocrx_word' id='word_1_107' title='bbox 1913 2657 2143 2758; x_wconf 85' lang='lat' dir='ltr'>regnis</span> 
     </span>
     <span class='ocr_line' id='line_1_19' title="bbox 445 2755 2062 2856; baseline 0 -24"><span class='ocrx_word' id='word_1_108' title='bbox 445 2759 792 2850; x_wconf 79' lang='lat' dir='ltr'>Adliciat‚</span> <span class='ocrx_word' id='word_1_109' title='bbox 847 2755 1157 2856; x_wconf 82' lang='lat' dir='ltr'>stirpisve</span> <span class='ocrx_word' id='word_1_110' title='bbox 1187 2778 1328 2830; x_wconf 86' lang='lat' dir='ltr'>tuae</span> <span class='ocrx_word' id='word_1_111' title='bbox 1361 2757 1781 2853; x_wconf 87' lang='lat' dir='ltr'>primordia,</span> <span class='ocrx_word' id='word_1_112' title='bbox 1834 2757 1908 2830; x_wconf 73' lang='grc' dir='ltr'>ὃς</span> <span class='ocrx_word' id='word_1_113' title='bbox 1946 2760 2062 2832; x_wconf 84' lang='lat' dir='ltr'>ille</span> 
     </span>
     <span class='ocr_line' id='line_1_20' title="bbox 445 2853 2303 2953; baseline 0 -23"><span class='ocrx_word' id='word_1_114' title='bbox 445 2857 704 2930; x_wconf 89' lang='lat' dir='ltr'>Gentis</span> <span class='ocrx_word' id='word_1_115' title='bbox 737 2858 995 2928; x_wconf 88' lang='lat' dir='ltr'>honos:</span> <span class='ocrx_word' id='word_1_116' title='bbox 1049 2853 1216 2928; x_wconf 90' lang='lat' dir='ltr'>licet</span> <span class='ocrx_word' id='word_1_117' title='bbox 1245 2853 1459 2928; x_wconf 84' lang='lat' dir='ltr'>effuso</span> <span class='ocrx_word' id='word_1_118' title='bbox 1500 2856 1743 2953; x_wconf 85' lang='lat' dir='ltr'>Tagus</span> <span class='ocrx_word' id='word_1_119' title='bbox 1772 2856 2061 2951; x_wconf 68' lang='lat' dir='ltr'>impleat</span> <span class='ocrx_word' id='word_1_120' title='bbox 2090 2881 2303 2952; x_wconf 83' lang='lat' dir='ltr'>auro,</span> 
     </span>
     <span class='ocr_line' id='line_1_21' title="bbox 441 2951 2051 3050; baseline -0.003 -21"><span class='ocrx_word' id='word_1_121' title='bbox 441 2955 543 3030; x_wconf 85' lang='lat' dir='ltr'>Et</span> <span class='ocrx_word' id='word_1_122' title='bbox 583 2975 774 3050; x_wconf 82' lang='lat' dir='ltr'>pater</span> <span class='ocrx_word' id='word_1_123' title='bbox 805 2953 1128 3026; x_wconf 84' lang='lat' dir='ltr'>Oceanus</span> <span class='ocrx_word' id='word_1_124' title='bbox 1179 2951 1517 3050; x_wconf 86' lang='lat' dir='ltr'>spumanti</span> <span class='ocrx_word' id='word_1_125' title='bbox 1553 2951 1820 3048; x_wconf 86' lang='lat' dir='ltr'>perluat</span> <span class='ocrx_word' id='word_1_126' title='bbox 1852 2955 2051 3024; x_wconf 84' lang='lat' dir='ltr'>unda.</span> 
     </span>
     <span class='ocr_line' id='line_1_22' title="bbox 439 3045 2465 3151; baseline 0.002 -27"><span class='ocrx_word' id='word_1_127' title='bbox 439 3053 640 3124; x_wconf 87' lang='lat' dir='ltr'>Nam</span> <span class='ocrx_word' id='word_1_128' title='bbox 663 3049 864 3139; x_wconf 85' lang='lat' dir='ltr'>mihi,</span> <span class='ocrx_word' id='word_1_129' title='bbox 879 3071 1034 3122; x_wconf 86' lang='lat' dir='ltr'>nam</span> <span class='ocrx_word' id='word_1_130' title='bbox 1053 3068 1324 3148; x_wconf 86' lang='lat' dir='ltr'>tempus</span> <span class='ocrx_word' id='word_1_131' title='bbox 1343 3053 1601 3141; x_wconf 84' lang='lat' dir='ltr'>veniet,</span> <span class='ocrx_word' id='word_1_132' title='bbox 1616 3073 1777 3120; x_wconf 88' lang='lat' dir='ltr'>cum</span> <span class='ocrx_word' id='word_1_133' title='bbox 1794 3045 2055 3124; x_wconf 84' lang='lat' dir='ltr'>reddita</span> <span class='ocrx_word' id='word_1_134' title='bbox 2068 3049 2340 3148; x_wconf 80' lang='lat' dir='ltr'>sceptra</span> <span class='ocrx_word' id='word_1_135' title='bbox 2374 3075 2398 3128; x_wconf 84' lang='grc' dir='ltr'><strong><em>ι</em></strong></span> <span class='ocrx_word' id='word_1_136' title='bbox 2418 3077 2465 3151; x_wconf 88' lang='lat'>5·</span> 
     </span>
     <span class='ocr_line' id='line_1_23' title="bbox 438 3143 2521 3250; baseline 0 -27"><span class='ocrx_word' id='word_1_137' title='bbox 438 3149 953 3246; x_wconf 69' lang='lat' dir='ltr'>PartheiiopeS‚</span> <span class='ocrx_word' id='word_1_138' title='bbox 1003 3145 1386 3250; x_wconf 63' lang='lat' dir='ltr'>fractosque</span> <span class='ocrx_word' id='word_1_139' title='bbox 1416 3169 1537 3224; x_wconf 81' lang='lat' dir='ltr'>tua</span> <span class='ocrx_word' id='word_1_140' title='bbox 1566 3147 1687 3222; x_wconf 90' lang='lat' dir='ltr'>sub</span> <span class='ocrx_word' id='word_1_141' title='bbox 1720 3143 1997 3248; x_wconf 86' lang='lat' dir='ltr'>cuspide</span> <span class='ocrx_word' id='word_1_142' title='bbox 2026 3171 2223 3249; x_wconf 81' lang='lat' dir='ltr'>reges</span> <span class='ocrx_word' id='word_1_143' title='bbox 2512 3218 2521 3230; x_wconf 82' lang='grc'><em>,</em></span> 
     </span>
     <span class='ocr_line' id='line_1_24' title="bbox 2314 3249 2473 3350; baseline 0.019 -30"><span class='ocrx_word' id='word_1_144' title='bbox 2314 3249 2473 3350; x_wconf 84' lang='lat' dir='ltr'>Ipse</span> 
     </span>
    </p>
   </div>
   <div class='ocr_carea' id='block_1_6' title="bbox 427 3403 2469 3728">
    <p class='ocr_par' dir='ltr' id='par_1_6' title="bbox 427 3403 2469 3728">
     <span class='ocr_line' id='line_1_25' title="bbox 429 3403 2469 3478; baseline 0 -18"><span class='ocrx_word' id='word_1_145' title='bbox 429 3403 636 3460; x_wconf 68' lang='lat' dir='ltr'>rhenum</span> <span class='ocrx_word' id='word_1_146' title='bbox 665 3421 938 3468; x_wconf 73' lang='lat' dir='ltr'>excutiens,</span> <span class='ocrx_word' id='word_1_147' title='bbox 969 3423 1118 3478; x_wconf 78' lang='lat' dir='ltr'>prope</span> <span class='ocrx_word' id='word_1_148' title='bbox 1151 3411 1316 3464; x_wconf 58' lang='lat' dir='ltr'>eigai</span> <span class='ocrx_word' id='word_1_149' title='bbox 1343 3427 1417 3463; x_wconf 82' lang='lat' dir='ltr'>m·</span> <span class='ocrx_word' id='word_1_150' title='bbox 1469 3407 1838 3464; x_wconf 53' lang='lat' dir='ltr'>stam-dieitur</span> <span class='ocrx_word' id='word_1_151' title='bbox 1871 3406 1995 3458; x_wconf 66' lang='lat' dir='ltr'>finus</span> <span class='ocrx_word' id='word_1_152' title='bbox 2026 3407 2113 3459; x_wconf 80' lang='lat' dir='ltr'>iile</span> <span class='ocrx_word' id='word_1_153' title='bbox 2152 3410 2469 3474; x_wconf 67' lang='lat' dir='ltr'>campanie,</span> 
     </span>
     <span class='ocr_line' id='line_1_26' title="bbox 433 3471 2461 3536; baseline 0.003 -16"><span class='ocrx_word' id='word_1_154' title='bbox 433 3471 586 3528; x_wconf 75' lang='lat' dir='ltr'>deta,</span> <span class='ocrx_word' id='word_1_155' title='bbox 638 3485 748 3522; x_wconf 81' lang='lat' dir='ltr'>cum</span> <span class='ocrx_word' id='word_1_156' title='bbox 787 3487 886 3524; x_wconf 85' lang='lat' dir='ltr'>uno</span> <span class='ocrx_word' id='word_1_157' title='bbox 911 3487 996 3524; x_wconf 70' lang='lat' dir='ltr'>aut</span> <span class='ocrx_word' id='word_1_158' title='bbox 1027 3479 1181 3528; x_wconf 72' lang='lat' dir='ltr'>altero</span> <span class='ocrx_word' id='word_1_159' title='bbox 1221 3490 1413 3527; x_wconf 76' lang='lat' dir='ltr'>tantum</span> <span class='ocrx_word' id='word_1_160' title='bbox 1474 3475 1557 3536; x_wconf 81' lang='lat' dir='ltr'>qui</span> <span class='ocrx_word' id='word_1_161' title='bbox 1601 3475 1652 3524; x_wconf 78' lang='grc' dir='ltr'>δι</span> <span class='ocrx_word' id='word_1_162' title='bbox 1698 3473 2009 3530; x_wconf 67' lang='lat' dir='ltr'>rmeolanus,</span> <span class='ocrx_word' id='word_1_163' title='bbox 2053 3476 2173 3522; x_wconf 79' lang='lat' dir='ltr'>inter</span> <span class='ocrx_word' id='word_1_164' title='bbox 2219 3473 2461 3527; x_wconf 82' lang='lat' dir='ltr'>Misenum</span> 
     </span>
     <span class='ocr_line' id='line_1_27' title="bbox 432 3529 2461 3603; baseline 0.001 -19"><span class='ocrx_word' id='word_1_165' title='bbox 432 3535 544 3584; x_wconf 79' lang='lat' dir='ltr'>vico</span> <span class='ocrx_word' id='word_1_166' title='bbox 563 3567 580 3590; x_wconf 89' lang='lat'>‚</span> <span class='ocrx_word' id='word_1_167' title='bbox 637 3534 700 3583; x_wconf 86' lang='lat' dir='ltr'>ob</span> <span class='ocrx_word' id='word_1_168' title='bbox 751 3529 870 3584; x_wconf 75' lang='lat' dir='ltr'>coeli</span> <span class='ocrx_word' id='word_1_169' title='bbox 905 3538 1073 3588; x_wconf 79' lang='lat' dir='ltr'>vitium</span> <span class='ocrx_word' id='word_1_170' title='bbox 1125 3539 1174 3588; x_wconf 79' lang='grc' dir='ltr'>δε</span> <span class='ocrx_word' id='word_1_171' title='bbox 1220 3539 1413 3603; x_wconf 76' lang='lat' dir='ltr'>paludes</span> <span class='ocrx_word' id='word_1_172' title='bbox 1470 3540 1522 3588; x_wconf 73' lang='lat' dir='ltr'>&amp;t</span> <span class='ocrx_word' id='word_1_173' title='bbox 1566 3536 1951 3602; x_wconf 69' lang='lat' dir='ltr'>promontorium</span> <span class='ocrx_word' id='word_1_174' title='bbox 2005 3536 2230 3585; x_wconf 69' lang='lat' dir='ltr'>Minerva:</span> <span class='ocrx_word' id='word_1_175' title='bbox 2262 3537 2461 3587; x_wconf 84' lang='lat' dir='ltr'>conclu·</span> 
     </span>
     <span class='ocr_line' id='line_1_28' title="bbox 427 3594 2465 3668; baseline 0.002 -22"><span class='ocrx_word' id='word_1_176' title='bbox 427 3597 742 3661; x_wconf 74' lang='lat' dir='ltr'>l’omptinas:</span> <span class='ocrx_word' id='word_1_177' title='bbox 775 3598 1034 3652; x_wconf 78' lang='lat' dir='ltr'>ostreorum</span> <span class='ocrx_word' id='word_1_178' title='bbox 1063 3603 1185 3652; x_wconf 76' lang='lat' dir='ltr'>oiim</span> <span class='ocrx_word' id='word_1_179' title='bbox 1207 3617 1407 3668; x_wconf 77' lang='lat' dir='ltr'>proven·</span> <span class='ocrx_word' id='word_1_180' title='bbox 1468 3601 1567 3660; x_wconf 75' lang='lat' dir='ltr'>sus,</span> <span class='ocrx_word' id='word_1_181' title='bbox 1599 3601 1651 3649; x_wconf 79' lang='lat' dir='ltr'>in</span> <span class='ocrx_word' id='word_1_182' title='bbox 1679 3602 1809 3659; x_wconf 64' lang='lat' dir='ltr'>cnjus</span> <span class='ocrx_word' id='word_1_183' title='bbox 1838 3594 2011 3648; x_wconf 65' lang='lat' dir='ltr'>recem}</span> <span class='ocrx_word' id='word_1_184' title='bbox 2042 3599 2219 3649; x_wconf 77' lang='lat' dir='ltr'>intimo</span> <span class='ocrx_word' id='word_1_185' title='bbox 2265 3603 2465 3663; x_wconf 71' lang='lat' dir='ltr'>neapo-</span> 
     </span>
     <span class='ocr_line' id='line_1_29' title="bbox 432 3659 2460 3728; baseline 0.004 -20"><span class='ocrx_word' id='word_1_186' title='bbox 432 3672 488 3710; x_wconf 77' lang='lat' dir='ltr'>tu</span> <span class='ocrx_word' id='word_1_187' title='bbox 525 3659 700 3708; x_wconf 73' lang='lat' dir='ltr'>nobile.</span> <span class='ocrx_word' id='word_1_188' title='bbox 1468 3665 1545 3716; x_wconf 74' lang='lat' dir='ltr'>iis.</span> <span class='ocrx_word' id='word_1_189' title='bbox 1608 3662 1743 3722; x_wconf 61' lang='grc' dir='ltr'>σαί·</span> <span class='ocrx_word' id='word_1_190' title='bbox 1779 3663 1831 3714; x_wconf 67' lang='grc' dir='ltr'>ἀί</span> <span class='ocrx_word' id='word_1_191' title='bbox 1858 3662 2039 3727; x_wconf 66' lang='grc' dir='ltr'>Νιμίῐ.</span> <span class='ocrx_word' id='word_1_192' title='bbox 2084 3661 2299 3717; x_wconf 57' lang='lat' dir='ltr'>VM&amp;</span> <span class='ocrx_word' id='word_1_193' title='bbox 2331 3667 2460 3728; x_wconf 56' lang='lat' dir='ltr'>Sub,</span> 
     </span>
    </p>
   </div>
   <div class='ocr_carea' id='block_1_7' title="bbox 485 3725 1743 3792">
    <p class='ocr_par' dir='ltr' id='par_1_7' title="bbox 485 3725 1743 3792">
     <span class='ocr_line' id='line_1_30' title="bbox 485 3725 1743 3792; baseline 0.01 -18"><span class='ocrx_word' id='word_1_194' title='bbox 485 3725 550 3790; x_wconf 62' lang='grc' dir='ltr'>Υ.</span> <span class='ocrx_word' id='word_1_195' title='bbox 603 3741 646 3778; x_wconf 84' lang='lat'>2.</span> <span class='ocrx_word' id='word_1_196' title='bbox 697 3728 894 3790; x_wconf 69' lang='lat' dir='ltr'>Nympha</span> <span class='ocrx_word' id='word_1_197' title='bbox 978 3731 1415 3792; x_wconf 46' lang='lat' dir='ltr'>cnam-xamen]</span> <span class='ocrx_word' id='word_1_198' title='bbox 1474 3725 1543 3780; x_wconf 77' lang='lat' dir='ltr'>bo</span> <span class='ocrx_word' id='word_1_199' title='bbox 1576 3725 1659 3782; x_wconf 81' lang='lat' dir='ltr'>lib·</span> <span class='ocrx_word' id='word_1_200' title='bbox 1694 3741 1743 3786; x_wconf 76' lang='lat'>5·</span> 
     </span>
    </p>
   </div>
  </div>
 </body>
</html>
