2802 4532
854 381 1570 498 Linea
1709 412 1968 496 1:-
2165 423 2318 512 ιρι·

264 563 595 664 jucunda
622 557 846 636 sedes?
898 557 1019 632 ubi
1053 553 1275 630 falieta
1290 605 1319 648 ‚
1370 555 1447 629 δε
1473 556 1794 642 omnibus

276 667 488 740 Eheu
510 668 807 763 juvenca
838 653 1265 757 praeferenda
1296 653 1602 752 pascuis?

190 831 201 840 ,
268 763 623 860 juvenca,
670 759 850 834 solos
884 777 1041 852 quae
1077 752 1309 828 reiifiha
1338 754 1424 825 ad
1458 776 1550 854 ag
1603 779 1744 831 eres

283 863 450 937 Padi
483 860 817 946 sonantiS‚
868 853 1007 924 heu
1038 849 1297 923 malum
1336 847 1548 924 sorori
1605 878 1682 926 us
2203 887 2308 968 ²5

218 1039 225 1042 ,
282 962 561 1052 Omen,
611 953 950 1029 dolenteis
988 951 1166 1022 inter
1198 949 1368 1022 orba
1404 953 1710 1050 populos

282 1057 396 1130 Te
430 1079 503 1131 te
536 1051 870 1151 requirit,
925 1071 997 1122 te
1040 1045 1436 1148 reflagitans
1468 1047 1704 1144 suum,

281 1156 547 1254 implet
578 1148 874 1249 querelis
900 1169 1177 1238 nemuS,
1230 1145 1305 1220 &
1338 1141 1548 1246 usque
1581 1152 1894 1250 mugiens
2197 1208 2204 1214 .

288 1255 533 1326 Modo
560 1251 746 1340 huc,
796 1241 1017 1318 modo
1044 1239 1211 1316 illuc
1248 1239 1460 1337 furit,
1510 1269 1745 1322 amore
1771 1249 2080 1350 pediu:

285 1351 559 1428 Omnia
584 1361 903 1454 peragrat
938 1365 1147 1434 arva,
1192 1341 1436 1416 lustrat
1462 1346 1739 1442 omnia,
2227 1369 2327 1452 30

288 1447 509 1520 Num
537 1467 674 1538 qua
710 1441 988 1514 bisulcae
1029 1437 1215 1540 figna
1250 1459 1485 1514 cernat
1515 1445 1796 1543 ungulae
1811 1472 1850 1520 :-

293 1543 589 1635 Qaerit
619 1563 741 1638 per
772 1542 907 1612 alta
940 1541 1285 1612 montium
1320 1541 1724 1635 cacumina,

286 1639 581 1735 Qiaerit
614 1661 735 1737 per
761 1639 899 1712 ima
932 1635 1209 1712 vamum
1246 1638 1541 1727 cubilia,
1645 1631 1662 1648 ’

288 1741 587 1815 Memor
614 1737 929 1812 locorum
948 1789 977 1830 ,
1026 1760 1168 1811 non
1198 1731 1430 1810 tam‘en
1465 1735 1563 1809 sui
1597 1762 1902 1816 memor:

286 1830 410 1914 Te
448 1859 643 1912 mane
676 1835 949 1934 primo,
1000 1853 1073 1908 te
1104 1830 1401 1909 rubente
1435 1833 1719 1934 vespero
2227 1861 2327 1942 35

284 1930 569 2036 Luget.-
622 1957 749 2008 nec
782 1935 969 2010 illam
1002 1931 1211 2008 Luna
1244 1957 1410 2008 cum
1451 1955 1832 2010 recurreret

287 2033 549 2126 Coelo,
602 2057 732 2108 nec
767 2053 935 2108 atrae
974 2027 1198 2106 noetis
1227 2031 1408 2108 alma
1441 2030 1654 2106 fidera

284 2129 553 2206 Videre
584 2131 1075 2208 dormientem.
1130 2129 1321 2206 abire
1354 2129 1688 2227 flumina,

282 2231 505 2304 Abire
532 2229 741 2305 solem
764 2284 788 2318 ,
842 2231 1029 2303 abire
1061 2230 1284 2305 cernit
1316 2231 1596 2323 omnia,

286 2332 393 2401 At
422 2328 563 2423 ipsa
596 2326 906 2401 maestam
939 2324 1079 2398 sola
1116 2348 1259 2399 non
1282 2328 1430 2403 abit
1457 2326 1794 2421 domum,
2216 2350 2327 2430 40

286 2424 524 2515 Humi
554 2422 963 2499 recumbens
998 2422 1200 2498 strata
1240 2422 1365 2497 sub
1396 2426 1587 2497 nudo
1625 2428 1909 2501 aethere.
2011 2478 2024 2492 ·

217 2582 246 2600 ,2
290 2520 512 2594 Hanc
546 2518 623 2591 ὃς
654 2520 901 2615 puellae
934 2542 1298 2591 nemorum
1321 2570 1345 2606 ,
1394 2521 1473 2590 δε
1507 2524 1644 2613 ipse
1673 2526 1996 2619 corniger

226 2616 231 2621 ”
298 2617 638 2712 Sylvanus
680 2614 963 2707 aspicit,
1014 2613 1194 2683 hanc
1232 2612 1576 2683 bubuicus
1607 2618 1920 2705 intuens,

298 2713 525 2789 Miser
554 2710 941 2801 bubulcus,
992 2732 1124 2781 nec
1144 2712 1387 2808 juvare
1423 2733 1571 2781 eam
1611 2712 1878 2801 vadem,

297 2814 661 2903 Tantum,
714 2808 905 2909 quod
940 2810 1228 2881 unicum
1267 2810 1336 2878 in
1372 2808 1566 2881 malis
1595 2807 1940 2909 refugium
1955 2807 2189 2887 habet.
2231 2834 2328 2917 45

301 2904 653 3006 Suspirat,
707 2909 1043 3009 ingemit,
1096 2906 1299 2981 deum
1328 2909 1614 2983 invocat
1653 2906 1912 3006 fidem,

229 3093 241 3105 .
306 3008 533 3083 Iratus
568 3007 773 3100 urfis,
824 3007 1009 3105 quod
1044 3008 1410 3103 me'gen'nt
1444 3008 1692 3107 procul

306 3106 520 3181 Abire
548 3107 753 3206 sylvis
784 3106 1093 3179 albulum
1136 3108 1572 3198 juvenculum
1598 3159 1630 3199 ,

174 3216 199 3243 ·
307 3198 403 3279 Et
434 3225 577 3280 tam
613 3206 973 3285 venustam
1002 3206 1363 3286 clamitare
1391 3208 1744 3282 buculam.

2202 3802 2469 3889 1N'
