2802 4532
762 424 1875 547 HIER.AMALT1-1E1.

284 596 627 709 Effinxit‚
676 614 865 691 hunc
898 615 973 689 δε
1006 589 1350 712 ei'tpolivit
1376 608 1746 701 Urceum,

284 710 503 811 Tuo,
548 716 807 817 Lyaee‚
857 714 1251 790 dedicatum
1290 707 1572 785 neaari.

1029 924 1113 996 In
1260 926 1358 1051 (2.
1457 919 1560 997 U.

295 1121 643 1299 Inique,
692 1118 928 1215 inique
958 1110 1408 1191 Phormionis
1434 1112 1668 1191 accola
1689 1164 1717 1208 ‚

394 1220 546 1293 Cui‘
568 1214 751 1291 nuda
777 1214 1003 1288 sordet
1026 1212 1395 1303 mentienti
1427 1214 1673 1285 veritas
1690 1265 1716 1306 ‚

248 1308 265 1323 ⁶
293 1316 493 1411 Quid
527 1313 827 1389 anserina
858 1334 1035 1387 voce
1068 1310 1343 1383 nimbos
1370 1308 1650 1385 invocas
1668 1363 1696 1401 ,

293 1414 720 1512 Coelumque
752 1426 923 1485 tetra
954 1406 1313 1482 obnubilas
1344 1404 1690 1507 caligine?

294 1511 501 1602 Quid
532 1527 848 1583 execrata
882 1505 1035 1581 fisus
1060 1506 1448 1607 arrogantia

293 1610 559 1684 Purum
585 1606 781 1680 suillo
822 1629 1015 1681 more
1049 1604 1311 1680 flumen
1336 1601 1694 1705 inquinas?

395 1707 498 1780 At
526 1707 665 1779 hoc
705 1728 1043 1780 venenum
1082 1701 1213 1776 fers
1254 1704 1339 1777 ab
1370 1700 1844 1797 incunabulisg,

298 1802 735 1879 Calumniose
767 1800 1213 1877 Phormionis
1242 1801 1498 1875 accola.

297 1903 457 1996 Sic,
510 1902 605 1975 fic
639 1901 923 1977 clientes
958 1894 1233 1973 fascinas
1261 1897 1717 1993 miserrimos,

293 1998 497 2097 Qos
525 2000 881 2099 aucuparis
916 2016 998 2073 ut
1028 1996 1384 2073 facillimas
1412 2020 1609 2091 aves,

294 2098 483 2173 Vere
516 2100 805 2173 clientes
838 2098 1153 2171 omnium
1192 2095 1628 2169 miserrimos.

294 2196 413 2274 Sic
445 2198 651 2296 usque
682 2198 768 2272 ad
804 2190 1016 2296 ipsaxn
1046 2195 1412 2296 garriendo
1445 2192 1756 2270 nauseam

292 2294 650 2370 Obtundis
676 2319 863 2368 aures
884 2293 1203 2394 judicum
1236 2291 1655 2388 mendaciis5

293 2389 396 2466 Et
426 2391 856 2487 pestilentem
880 2391 1200 2486 viperino
1232 2390 1542 2462 anhelitu

291 2487 561 2564 Ruekas
590 2487 877 2562 odorem
898 2537 923 2580 ,
958 2488 1091 2583 ‘qui
1123 2487 1416 2562 colonos
1443 2486 1698 2562 inficit.

294 2585 523 2662 Nunc
557 2609 726 2658 vero
762 2580 1030 2676 Idam,
1082 2586 1198 2680 qui
1231 2584 1360 2657 tibi
1392 2583 1736 2659 dicaverat

292 2689 475 2772 Suos
504 2681 806 2774 ocellos,
852 2682 1099 2756 intima
1118 2682 1193 2756 &
1228 2680 1650 2779 praecordia,

292 2783 396 2857 Et
440 2780 491 2854 fi
526 2781 695 2880 quid
726 2779 890 2854 esset
924 2777 1141 2853 carius
1170 2778 1570 2878 praecordiis
1589 2831 1616 2873 ,

285 2883 478 2962 Ritu
511 2877 761 2953 laceffis
786 2875 1279 2952 oblatrantium
1308 2899 1580 2984 canum.

286 2987 555 3058 Amens
593 2977 774 3068 1012,
826 2977 941 3049 cui
972 2997 1081 3069 te,
1133 2973 1322 3070 Iola,
1374 2971 1668 3050 fideras?

286 3078 537 3153 Tanto
570 3077 687 3151 hic
713 3074 1041 3176 bilinguis
1067 3078 1257 3175 pejus
1284 3097 1512 3174 angue
1541 3069 1807 3164 fibilat,

286 3181 587 3280 Qanto
617 3172 719 3250 est
800 3193 1079 3247 atronus
1107 3175 1420 3246 omniurn
1454 3171 1888 3246 deterrimus.

390 3274 529 3350 Sed
558 3300 604 3347 o
636 3297 723 3346 ne
792 3271 925 3346 nde
950 3271 1395 3344 Phormionis
1427 3269 1711 3361 accola,

172 3425 201 3439 ,
288 3365 415 3444 Te
442 3393 657 3466 poena
681 3358 828 3444 sero
865 3390 1008 3442 non
1040 3368 1422 3444 morabitur
1458 3368 1682 3466 pede,

294 3463 543 3563 Digna
570 3467 645 3539 &
674 3467 1062 3559 cachinnis,
1112 3467 1189 3540 &
1220 3466 1562 3563 strepente
1592 3483 1973 3564 tympano,

292 3565 401 3638 Et
432 3562 787 3660 mugiente
814 3587 1071 3658 cornu,
1124 3565 1199 3638 δε
1232 3587 1373 3638 aere
1396 3563 1713 3657 tinnu10‚

275 3661 600 3756 ·Tuaque
630 3655 751 3732 fies
779 3660 1003 3736 fabula
1034 3665 1103 3736 in
1139 3658 1511 3760 peninsula.

392 3755 602 3834 Abde
628 3755 1025 3860 erubescens
1050 3757 1225 3836 abde
1258 3756 1491 3932 νυέυε
1521 3756 1860 3836 Phormio
1875 3785 1906 3848 3

2167 480 2315 569 395

2087 2597 2112 2608 .,
2160 2505 2314 2620 ..¹5

2216 2987 2308 3047 20

2208 3481 2309 3561 25
