2802 4532
423 441 428 444 ·
505 425 650 550 384
838 433 1004 540 Jo.
1051 441 1387 519 BAPT.
1438 424 2161 538 AMA'LTHEI..

408 653 414 661 .
493 589 700 663 Saeve
731 587 1028 688 Aquilo,
1082 584 1248 658 hinc
1277 605 1509 662 averte
1539 586 1772 677 dolos,
1820 583 1899 656 ὅ(
1924 583 2199 660 flamina
2235 602 2451 686 pone.

495 682 654 760 Vos
684 710 850 759 vero
885 706 1118 760 tenues
1151 685 1397 758 ani‘mae
1424 684 1811 759 rorantibus
1833 682 1955 754 alis
2056 701 2062 709 ·
2147 688 2157 701 '

489 782 592 856 Et
623 786 814 857 coelo
844 800 1164 884 regnate,
1215 784 1290 858 &
1321 785 1634 882 iniquum
1666 800 1893 888 afcete
1918 783 2240 860 calorem.

497 877 794 954 Invideo
829 885 1024 956 vobis
1063 902 1282 955 aurae:
1335 907 1459 956 vos
1492 887 1798 955 carmine
1830 879 2077 954 blando

497 977 833 1072 Detinet,
888 981 960 1054 ὃ(
995 977 1191 1052 roseis
1227 996 1552 1077 exceptat
1586 981 1765 1054 Nisa
1795 979 2135 1074 papillis,²
2416 997 2519 1072 50

501 1083 651 1150 Aut
690 1081 964 1178 gremio
997 1078 1358 1150 herbarum
1377 1129 1403 1170 ‚
1452 1099 1571 1152 aut
1590 1101 1811 1152 vacuo
1824 1073 2132 1179 projecta
2144 1072 2263 1148 sub
2280 1093 2515 1149 antro·

395 1219 400 1224 ·
494 1175 653 1249 Illic
690 1179 763 1249 &
791 1175 1053 1248 nostros
1083 1173 1310 1250 secum
1343 1177 1718 1250 meditatur
1749 1197 2061 1248 amores:
2123 1212 2136 1224 -

498 1272 899 1372 Adfurgunt
935 1274 1162 1366 filvae,
1215 1275 1290 1348 &
1316 1273 1539 1347 tacito
1554 1274 1729 1347 stant
1757 1290 2047 1374 gutture
2076 1271 2340 1346 circum

497 1369 802 1446 Intentoe
837 1371 1190 1463 volucres,
1243 1373 1319 1444 ὃς
1353 1371 1581 1445 cursus
1612 1371 1900 1444 flumina
1938 1369 2225 1458 fistunt3

499 1467 700 1542 Dum
731 1469 957 1565 canit,
1005 1470 1260 1543 arridet
1291 1471 1499 1567 pleno
1534 1489 1685 1542 tum
1718 1471 1981 1542 lumine
2010 1466 2302 1540 coelum.
2411 1485 2514 1565 55

501 1565 588 1640 N
593 1590 733 1640 unc
761 1570 1138 1640 intertexto
1171 1568 1748 1666 vaccinia'pingit
1771 1566 2115 1656 acantho,

501 1663 728 1738 Nunc
758 1666 1013 1764 gaudet
1046 1665 1264 1738 niveis
1293 1666 1565 1758 cultum
1600 1669 1859 1740 variare
1887 1661 2227 1763 ligustris,

503 1761 591 1836 N
595 1787 728 1835 unc
761 1765 970 1836 etiam
1004 1763 1240 1860 gracili
1282 1765 1592 1838 calathos
1630 1765 1956 1838 detexere
1988 1759 2278 1834 hibisco.

501 1859 727 1955 Qod
761 1860 810 1932 fi
845 1863 1240 1960 languentes
1269 1861 1513 1935 somno
1544 1864 1846 1936 declinat
1878 1859 2175 1948 ocellos,

501 1959 841 2032 Paulatim
877 1984 946 2032 ra
999 1958 1114 2030 ido
1143 1959 1369 2034 feffutn
1408 1961 1734 2034 refoveris
1780 1959 1865 2031 ab
1900 1957 2110 2042 aestu)
2319 1998 2331 2008 -
2414 1963 2526 2029 60

503 2057 607 2131 Et
637 2058 802 2130 laeto
831 2081 940 2131 am
993 2055 1208 2130 rolios
1239 2077 1437 2130 motu
1468 2055 1725 2156 spiratis
1757 2056 2025 2128 odores.

484 2215 491 2218 .
602 2153 892 2227 Invideo
925 2153 1121 2230 vobis
1159 2179 1376 2228 aurae:
1431 2155 1723 2227 lustratis
1754 2178 1972 2252 opaca

509 2251 848 2327 Silvarum
889 2251 1221 2352 hospitia,
1273 2250 1859 2351 incustoditosque
1884 2247 2209 2338 recess‘u8‚

509 2352 610 2424 Et
646 2351 888 2442 nostis,
940 2376 1078 2451 quo
1114 2350 1292 2427 Nisa
1323 2358 1535 2451 iugo,
1586 2376 1719 2450 qua
1756 2350 1929 2425 valle
1959 2348 2231 2422 refidat.

480 2492 504 2507 ·-
533 2494 548 2505 -
607 2448 734 2521 Illa
776 2451 1052 2549 quidem
1089 2451 1272 2523 duris
1305 2452 1433 2525 sese
1466 2448 1821 2523 venatibus
1856 2466 2089 2545 aptat,
2420 2452 2519 2543 σς·

507 2544 695 2619 Cum
733 2549 1464 2647 matutino-perffindit
1494 2545 1805 2647 gramina
1833 2568 1993 2619 rore

507 2640 836 2739 Lucifer,
883 2668 952 2719 at
999 2670 1088 2721 ue
1123 2649 1353 2721 avium
1391 2647 1702 2721 resonant
1734 2645 2185 2719 concentibus
2218 2640 2390 2743 agri.

512 2743 649 2815 Sed
681 2744 864 2842 prius
895 2674 1156 2818 inffiexo
1192 2768 1398 2845 quam
1436 2748 1629 2817 lucos
1658 2762 1909 2817 terreat
1940 2761 2135 2837 arcu,

513 2840 838 2914 Arbuteis
871 2846 1041 2915 aries
1075 2844 1384 2915 evian
1417 2865 1672 2916 cornua
1702 2840 1887 2915 sertis
1993 2866 2013 2876 “
2392 2842 2518 2932 (70

509 2938 905 3013 Florentcm
927 2942 1008 3011 ad
1028 2941 1368 3037 cythisum
1387 2991 1413 3030 ‚
1445 2962 1649 3039 atque
1664 2940 1745 3013 ad
1770 2938 2015 3036 pabula
2031 2960 2196 3014 nota
2212 2954 2525 3012 vocatur.

609 3038 986 3110 Fortunate
1013 3039 1221 3125 arim,
1272 3058 1344 3109 te
1379 3060 1521 3110 non
1556 3038 1829 3112 felicior
1856 3035 2073 3125 nitet-3

516 3133 698 3207 Non
732 3136 850 3236 qui
883 3158 1006 3235 per
1037 3133 1331 3207 tumidas
1365 3155 1602 3207 aurato
1642 3148 1923 3233 tergore
1948 3135 2305 3231 Phryxum

457 3262 494 3281 „
515 3232 743 3307 Vexit
775 3258 1014 3334 aquam,
1061 3233 1150 3306 δι’·
1177 3256 1361 3306 nunc
1391 3232 1654 3305 fomosa
1686 3234 2070 3307 intermicat
2100 3230 2292 3303 astra.

423 3350 430 3357 ·
512 3330 632 3402 Tc
661 3333 906 3419 virides
957 3331 1392 3420 hederae‚‘te
1426 3328 1652 3401 mollis
1684 3345 2028 3404 amaracus
2052 3348 2297 3420 ornat,
2336 3370 2354 3382 ·
2556 3370 2579 3381 ·

507 3424 610 3501 Et
643 3432 856 3505 modo
887 3430 1135 3506 lascivo
1169 3424 1764 3526 detondes·pascua
1793 3426 2023 3502 morsu
2129 3518 2138 3521 -
2432 3444 2535 3521 75

517 3524 836 3602 Affuetus
870 3532 1166 3628 campis,
1217 3525 1468 3626 placidi
1506 3528 1718 3601 modo
1754 3524 1945 3600 sibila
1970 3528 2167 3601 venti

517 3624 848 3721 Excipis,
901 3628 974 3699 &
1007 3628 1213 3725 pulsae
1248 3626 1505 3698 miraris
1540 3647 1891 3698 murmura
1922 3622 2135 3697 fil'vae.

515 3724 595 3799 O
632 3745 767 3825 ego
799 3722 852 3796 fi
883 3726 1148 3823 poffem
1180 3728 1386 3801 niveo
1422 3745 1541 3800 tua
1574 3723 1819 3803 vellera
1849 3717 2061 3797 >dorso
2199 3818 2234 3892 Ι
2286 3812 2329 3886 d

366 3831 380 3844 ⁴
2238 3840 2289 3889 n
2334 3832 2537 3905 uere,
