2802 4532
141 1670 149 1678 ’
266 1672 437 1767 Jam
474 1690 715 1745 teretes
748 1667 954 1763 surae,
994 1692 1145 1765 jam
1178 1667 1470 1739 candida
1500 1692 1743 1761 crura,

844 437 1759 522 CBR'ETI.
2147 460 2280 541 311

270 601 517 699 Atque
539 592 774 694 aliquis
810 589 1031 689 pistos
1066 586 1322 661 nodoso
1353 586 1428 659 in
1469 584 1722 661 robore
1751 588 1984 687 qualos
2040 594 2048 599 '

268 696 549 774 Fronde
580 714 696 767 tua
722 712 961 767 texens
978 742 1003 781 ,
1052 704 1173 759 aut
1202 683 1599 758 candidulos
1625 678 2020 759 calathiscos

272 795 623 875 Rafilibus
648 792 902 889 virgis,
952 812 999 858 o
1033 804 1368 885 quantum
1400 781 1650 857 flexilis
1683 782 1808 857 isba
2149 805 2286 884 ης

274 894 622 995 Nympha
656 889 833 979 fuit,
880 884 1069 959 dicet
1088 936 1113 975 ,
1146 900 1479 981 quantum
1515 879 1923 957 florentibus
1955 884 2144 959 annis

272 992 409 1066 Ista
436 992 609 1068 {alant
642 985 779 1062 visa
806 982 945 1057 est:
1000 1002 1147 1054 tum
1187 1001 1256 1055 te
1286 978 1637 1077 culpabit,
1689 981 1766 1053 δεῖ
1805 984 1983 1056 inter

186 1126 193 1133 ·
274 1090 535 1165 Fabula
561 1085 925 1161 foemineas
956 1079 1201 1153 diceris
1238 1078 1448 1179 longa
1479 1102 1802 1153 caterva&
1821 1064 1869 1111 ²

370 1185 689 1261 Defierat
725 1180 903 1276 Jove
930 1198 1087 1253 nata
1114 1178 1347 1277 loqui,
1398 1196 1559 1251 cum
1592 1180 1825 1253 territa
1862 1178 2064 1279 virg'o

270 1285 425 1359 Ter
459 1300 707 1357 conata
730 1279 875 1353 solo
912 1296 1169 1353 teneras
1199 1275 1516 1349 divellere
1549 1278 1810 1372 plantas
2083 1312 2116 1381 ‘.
2159 1296 2298 1381 130

276 1382 541 1455 Mollia
568 1397 675 1453 ter
709 1377 923 1449 niveis
952 1372 1271 1472 percuffit
1304 1371 1576 1469 pectora
1607 1376 1888 1473 palmiS,

276 1479 621 1575 Dumque
652 1474 857 1575 pedes
896 1472 1115 1549 subita
1143 1472 1450 1570 queritur
1481 1472 1707 1545 radice
1737 1476 1990 1567 teneri,

274 1578 410 1651 Pes
444 1574 565 1647 ubi
603 1570 728 1665 fit,
778 1575 1066 1683 quaerit,
1112 1570 1494 1667 digitique,
1532 1570 2300 1743 unguelpugscutisquess

1815 1696 1887 1743 ln
1963 1694 2094 1770 que

274 1768 576 1867 Rugoso
609 1766 845 1842 senfim
884 1784 1254 1863 coeperunt
1290 1766 1559 1839 cortice
1594 1764 1854 1840 claudi:
2157 1790 2295 1866 135
2396 1722 2444 1830 ’τ
2473 1756 2500 1777 '

270 1868 745 1964 Brachi-que,
792 1863 877 1937 ad
902 1872 1157 1937 caelum
1191 1886 1347 1963 quae
1380 1862 1564 1937 forte
1597 1865 1976 1938 tetenderat
1993 1917 2018 1957 ,
2068 1866 2242 1941 altos

270 1964 519 2041 Induit
548 1966 621 2036 in
648 1986 909 2037 ramos:
964 1958 1301 2037 restabant
1333 1984 1492 2053 ora,
1541 1984 1939 2063 cotnaeque:

272 2060 479 2159 Quid
514 2060 677 2137 facis
706 2060 1099 2154 exclamat,
1153 2057 1498 2147 Latonia;
1549 2082 1794 2157 parce,
1835 2083 1972 2133 nec
2005 2086 2154 2144 uno

270 2162 543 2237 Funere
578 2160 784 2259 perde
815 2160 1032 2252 duoS,
1082 2159 1261 2231 uteri
1281 2156 1643 2249 miserere,
1692 2182 1821 2230 nec
1851 2157 2028 2234 ultra

224 2329 237 2347 ,
272 2259 470 2332 Iram.
500 2258 703 2332 tende
734 2281 920 2330 tuam
944 2310 969 2348 ,
1020 2254 1157 2348 fic,
1207 2279 1318 2328 me
1346 2253 1616 2352 periisse
1658 2255 1943 2348 juvabit.
2105 2352 2108 2353 ᾗ
2157 2278 2294 2357 ¹4⁰

270 2357 499 2431 Parce
523 2377 811 2451 precor,
861 2353 1197 2426 clamabat
1226 2349 1451 2424 adhuc
1470 2405 1497 2445 ,
1540 2354 1903 2428 clamantia
1931 2375 2179 2431 cortex

276 2455 619 2546 Occupat
648 2474 767 2521 ora
792 2473 1074 2543 recem,
1124 2451 1199 2524 &
1230 2475 1369 2522 vox
1400 2449 1525 2522 sub
1553 2450 1783 2548 stipite
1814 2476 2083 2528 caecum

278 2547 559 2622 Ultima
590 2569 901 2618 murmur
926 2565 1112 2634 erat,
1162 2545 1492 2619 latebroso
1521 2549 1714 2644 quale
1741 2549 1861 2620 sub
1890 2549 2084 2622 alveo
2103 2605 2129 2644 ,

283 2640 781 2720 Pumicibusve
826 2644 1007 2714 cavis
1044 2641 1273 2714 Sicula
1300 2641 1663 2720 exauditur
1693 2648 1761 2719 in
1798 2647 2084 2746 Hybla,

282 2739 601 2818 Horrida
630 2764 791 2814 cum
829 2742 1018 2812 vario
1052 2737 1364 2814 saturatas
1392 2740 1568 2815 flore
1600 2765 1896 2818 catervas
1933 2789 1946 2800 -
2163 2767 2302 2845 145·

289 2837 561 2912 Claufit
592 2839 831 2936 hyems
864 2839 1083 2912 ῑεᾶἰε.
1130 2841 1359 2912 crocei
1386 2840 1530 2938 jam
1562 2845 1824 2916 vertice
1853 2844 2070 2916 crines

137 2991 157 3021 .
280 2931 380 3012 In
416 2939 655 3036 longas
670 2935 923 3044 abeunt
948 2935 1221 3012 frondes
1237 2991 1263 3031 ,
1314 2961 1468 3033 quae
1484 2963 1665 3013 nunc
1692 2965 1966 3038 quoque
1986 2943 2297 3039 (mirum)

288 3035 612 3133 Corpora
641 3055 929 3110 mutatae
960 3035 1191 3110 velant
1222 3037 1622 3135 pudibunda
1647 3039 1922 3136 puellae.

289 3131 427 3206 Sed
458 3133 817 3232 postquam
852 3156 1115 3210 teneras
1156 3133 1476 3210 absumfit
1504 3159 1667 3208 cura
1702 3135 2021 3212 medullas

185 3245 203 3262 ·
240 3259 254 3274 ·
289 3229 483 3304 Cura
500 3233 669 3332 vigil
686 3283 715 3326 ,
764 3231 1211 3332 querulasque
1234 3233 1433 3308 dolor
1449 3285 1474 3323 ,
1527 3231 2094 3332 saeviquelabores
2109 3258 2192 3336 ,J
2205 3257 2299 3334 50

290 3327 570 3403 Arentis
600 3330 766 3402 nodi
803 3347 1158 3406 traxerunt
1184 3331 1319 3403 offa
1362 3329 1700 3428 figuram:
2099 3335 2104 3340 ’

290 3422 567 3520 Proque
596 3451 777 3500 nova
806 3430 1041 3502 mollis
1075 3428 1294 3503 crevit
1325 3427 1649 3537 lanugine
1680 3427 1970 3505 muscus,

292 3519 527 3593 Pallor
558 3524 727 3596 inest
757 3525 941 3600 foliis
960 3577 986 3618 ,
1038 3527 1232 3600 scires
1260 3526 1596 3620 timuisse,
1651 3529 2014 3625 vicemque

298 3619 661 3718 Sanguinis
691 3624 759 3696 in
784 3621 969 3697 lenta
994 3624 1259 3724 gelidus
1291 3623 1474 3722 gerit
1508 3623 1749 3698 arbore
1779 3626 2040 3702 succus.

150 3737 167 3756 ⁸
300 3715 501 3794 Hinc
526 3718 708 3818 juga
738 3724 1157 3826 montivagae
1189 3711 1484 3896 nirqilum
1512 3721 1756 3810 dimota
1787 3725 2079 3817 Dianae,
2136 3748 2310 3899 (35¹5-

237 3838 256 3865 ·
1426 3839 1478 3918 4
2213 3827 2322 3902 dit
2357 3863 2362 3868 ·
