2802 4532
780 421 2414 558 ,LIBERII-··z33.

478 569 649 646 Nec
676 583 749 643 te
778 565 1077 643 Pierides
1106 587 1251 642 tuae
1270 619 1295 660 ,
1346 592 1480 642 nec
1509 567 1648 669 ipfii
2163 622 2176 659 χ
2230 605 2332 660 20

475 670 665 766 Quae
700 687 773 743 te
803 693 930 768 per
960 668 1252 764 Paphon
1268 716 1306 776 ,²
1346 667 1424 741 ὃς
1458 667 1750 782 Gnidon
1779 669 2114 750 virentem
2136 729 2163 774 ,

474 769 611 842 Per
642 767 855 840 colles
890 765 1394 842 Amathuntxos
1426 790 1702 844 vocavit
1720 820 1748 862 ,

356 943 370 948 ,
475 862 665 941 Fatis
704 865 1019 962 eripuere
1051 885 1194 936 tam
1229 865 1567 962 malignis.

472 963 579 1039 At
612 983 755 1035 non
790 963 1144 1035 unanimes
1174 961 1275 1032 tui
1302 960 1600 1058 sodales,

466 1065 681 1156 Quos
713 1081 795 1133 tu
880 1057 1117 1133 affore
1150 1076 1291 1132 tam
1321 1060 1443 1157 pio
1473 1059 1784 1156 colebas,
2234 1093 2330 1170 25·

471 1159 683 1254 Qios
718 1159 809 1232 tri
872 1181 939 1232 es
969 1157 1169 1230 obitu
1199 1176 1324 1229 tuo
1352 1159 1720 1260 relinquis,

464 1257 647 1332 Hoc
681 1255 859 1327 duro
886 1254 1019 1329 tibi
1052 1253 1329 1328 defuere
1360 1255 1537 1332 casu.

471 1351 686 1446 Qin
718 1376 832 1425 me
858 1373 1035 1427 trans
1075 1353 1438 1451 Ligerim,
1488 1356 1793 1456 ferosque
1827 1362 2060 1442 Celtas
2079 1420 2108 1462 ,

354 1517 359 1522 .
388 1445 397 1452 ’
475 1449 921 1525 Lustrantem
957 1453 1320 1526 Morinum
1357 1457 1588 1556 pigras
1619 1460 1934 1556 paludes,

470 1539 676 1622 Dum
708 1573 945 1645 quaero
976 1551 1243 1624 Oceani
1278 1551 1560 1628 ultimos
1586 1558 1914 1651 recess‘us‚
1955 1625 1962 1632 .
2238 1583 2330 1667 3q

475 1645 685 1720 Veris
717 1650 1005 1720 nuncius
1034 1648 1268 1722 obruit
1298 1654 1608 1748 querelis.

472 1740 669 1844 Ergo
700 1745 869 1844 quid
901 1745 1029 1819 tibi
1064 1767 1208 1820 tam
1242 1773 1460 1847 vagus
1483 1755 1749 1846 viator,

469 1841 607 1914 Cui
642 1865 775 1917 nec
804 1845 1091 1940 pulchra
1119 1847 1502 1944 Neapolis,
1553 1873 1682 1922 nec
1716 1853 1840 1928 alti

466 1939 701 2014 Colles
736 1941 1123 2044 Paufilypi,
1170 1969 1301 2019 nec
1336 1945 1482 2043 ipse
1509 1945 1803 2022 adeffet·

462 2037 805 2114 Sebethos
836 2061 1070 2141 pater,
1123 2064 1243 2120 aut
1271 2067 1468 2143 pater
1501 2045 1848 2136 Vesevus,
2227 2073 2323 2156 35

456 2135 727 2214 Inferre
758 2141 1239 2241 exsequiarum
1269 2147 1493 2216 amice
1526 2144 1840 2243 poss'em?

465 2235 761 2334 Rupem
779 2290 807 2331 ‚
855 2263 1069 2337 quam
1099 2264 1311 2338 vagus
1340 2243 1510 2317 hinc
1528 2296 1553 2335 ,
1606 2245 1870 2321 &inde
1901 2248 2221 2355 Nereus,

461 2333 756 2405 Alter-na
796 2338 1073 2407 veniens
1100 2340 1412 2447 retuqdit
1446 2342 1668 2436 unda,
1941 2356 1953 2363 ’

462 2428 776 2522 Acceffi,
827 2430 902 2505 δί
936 2437 1182 2529 procul
1213 2438 1470 2533 angulo
1501 2439 1574 2511 in
1601 2441 1918 2540 supremo

466 2524 708 2618 Stans,
760 2527 961 2627 supra
990 2531 1221 2629 pelagi
1254 2535 1569 2609 alluentis
1597 2544 1838 2635 aestus,
2213 2574 2316 2649 40

462 2620 721 2695 Manes
753 2642 1033 2720 terque,
1082 2647 1456 2727 quaterque
1481 2644 1884 2719 convocavi.

459 2716 617 2792 Hic
653 2717 803 2793 fudi
831 2722 1214 2821 lachrymas
1244 2729 1638 2806 amariores:

458 2814 617 2889 Hic
652 2818 789 2891 vici
828 2808 1133 2919 'gemitus
1160 2824 1271 2901 vel
1302 2848 1478 2901 unus
1508 2854 1785 2932 ornnes,

458 2914 731 2993 Omnes
760 2916 838 2991 δε
876 2916 1073 2994 fimul
1106 2925 1420 3000 omnium
1451 2930 1774 3025 querelas.

452 3014 647 3087 Mox
681 3020 992 3112 quamvis
1019 3021 1232 3101 cineri
1263 3042 1389 3097 tuo
1417 3026 1783 3109 decentem
2213 3060 2313 3141 45

440 3110 798 3187 Fontanus
826 3118 1177 3193 tumulum
1216 3124 1506 3219 pararit,-
1558 3152 1641 3201 ac
1675 3148 1749 3204 te

442 3206 803 3309 Cognatas
832 3209 1196 3291 {teneretur
1224 3223 1404 3295 inter
1433 3226 1748 3320 umbras,

449 3303 799 3401 Qamvis
832 3311 907 3385 &
934 3313 1321 3391 diuturnius
1350 3318 1788 3419 sepulchrum
1809 3376 1836 3425 ,

443 3400 665 3495 Qod
696 3430 827 3480 nec
858 3410 1105 3485 saecula
1136 3416 1414 3488 vincere
1443 3418 1582 3514 ipsa
1610 3420 1904 3521 poffint,
2199 3450 2304 3529 50

440 3497 721 3575 Divinis
749 3526 943 3603 paret
976 3512 1280 3584 excitare
1308 3513 1598 3591 chartis:

446 3592 791 3673 Nostrum
822 3628 967 3678 non
996 3606 1126 3681 tibi
1162 3609 1637 3713 qualecunque
1663 3638 1914 3694 munus

448 3691 647 3837 Inter
672 3696 973 3815 frigora,
1018 3704 1546 3907 solitudinquqsue
2059 3812 2293 3901 66σᾶ-
