2802 4532
517 409 666 494 236
811 383 2253 472 EPIGRAMMATON

1436 627 1629 710 XX.

707 827 854 906 DE
901 821 1453 918 HERCULE,
1505 821 1647 898 ET
1688 821 2349 904 GANYMEDE.

655 1025 852 1102 alluit
887 1023 1164 1098 Alcides
1192 1021 1411 1098 teneri
1442 1021 1871 1120 Ganymedis
1902 1047 2179 1100 amore:

513 1043 643 1208 P
743 1127 840 1200 Et
868 1141 1066 1197 vetus
1095 1119 1307 1198 amiffi
1343 1120 1623 1199 cesserat
1654 1121 1861 1194 ardor
1894 1121 2137 1219 Hylae.

515 1223 716 1316 Quid
749 1224 1022 1322 linquet
1053 1222 1258 1295 nobis
1295 1243 1466 1319 puer
1496 1215 1660 1292 hic?
1708 1219 1805 1298 ait
1834 1243 2058 1294 uxor:
2114 1222 2426 1296 honores

615 1322 899 1422 Eripuit
929 1320 1276 1420 quondam
1291 1371 1320 1413 ,
1368 1341 1557 1394 nunc
1582 1320 1764 1418 rapit
1796 1341 1965 1392 ecce
2000 1319 2287 1416 vitnau}

1392 1517 1649 1594 XXI.

607 1713 621 1788 Ι
673 1705 804 1782 IN
853 1703 1384 1782 UFENTEM
1434 1701 2375 1790 CRAPULATOREM.
2452 1633 2483 1666 ⁶

711 1919 806 1969 on
831 1891 1088 1987 futuit,
1134 1917 1278 1968 non
1311 1889 1658 1992 paedicat‚
1708 1911 1849 1964 non
1880 1889 2169 1964 irrumat
2200 1893 2444 1968 Ufens
2464 1921 2488 1969 ε

789 1991 926 2068 Ista
941 1991 1144 2067 olim:
1193 1989 1360 2091 quid
1377 1989 1610 2062 nunc?
1640 2007 1757 2064 aut
1772 1987 2039 2080 vomit,
2068 2008 2191 2062 aut
2202 1992 2564 2071 comedit„

1379 2177 1689 2258 XXII.

724 2354 896 2431 IN
987 2350 2283 2433 DEGENERANTEM.

713 2552 924 2605 omen
952 2534 1102 2628 avi,
1155 2556 1302 2609 non
1329 2534 1509 2609 fasta
1540 2534 1785 2609 refers:
1837 2534 2079 2609 diceris
2110 2532 2200 2607 ab
2228 2530 2357 2607 ino

511 2544 692 2719 N
794 2630 1038 2726 Alter,
1087 2628 1198 2709 sed
1222 2634 1494 2736 juvenis
1524 2652 1604 2706 tu
1622 2686 1649 2727 ,
1702 2654 1953 2734 precor
1979 2684 2006 2726 ‚
2054 2631 2170 2709 ille
2200 2630 2433 2711 senex.

1344 2833 1703 2911 xxm.

779 3002 942 3079 DE
977 3004 1342 3109 jova,
1397 3005 1558 3079 ET
1608 3006 2273 3087 cquINE.

709 3216 750 3264 e
781 3192 1073 3269 Veneris
1101 3210 1264 3265 nato
1295 3188 1529 3291 questa
1558 3192 1660 3267 est
1694 3192 2051 3293 Di&ynna
2079 3194 2440 3286 Tonanti,

512 3208 694 3375 D
789 3290 1012 3389 Qod
1045 3291 1245 3363 nimis
1277 3290 1393 3363 ille
1410 3313 1580 3389 puer
1612 3314 1981 3393 promptus
2011 3293 2093 3366 ad
2127 3316 2309 3366 arma
2329 3286 2537 3367 foret.

517 3386 716 3459 Tum
749 3412 945 3486 pater
972 3389 1203 3465 accito
1239 3388 1599 3465 ostendens
1628 3415 1834 3490 grave
1866 3390 2131 3465 fulmen
2164 3392 2458 3485 Amori,

611 3484 786 3559 Hoc
821 3486 992 3579 tibi,
1044 3486 1219 3561 saeve
1251 3512 1465 3587 puer,
1512 3486 1771 3587 spicula
1796 3489 2107 3589 franget,
2158 3491 2280 3565 ait.

515 3580 662 3663 Cui
687 3579 970 3659 lascivus
1011 3590 1234 3661 Amor
1263 3588 1475 3659 motis
1508 3588 1667 3661 haec
1694 3588 1990 3663 reddidit
2022 3591 2179 3663 alis:
2483 3607 2531 3681 5

619 3678 816 3779 Qud
843 3680 900 3760 fi
935 3686 1194 3763 iterum
1225 3684 1781 3796 posito-fulmine
1808 3686 2098 3799 Cycnus
2126 3686 2309 3766 eris?
2402 3780 2539 3865 IN
