2802 4532
407 450 554 541 .4
819 422 2218 511 DERARTUVIRffl

503 582 718 661 Hanc
752 578 927 655 mihi
957 574 1340 679 virginibus
1371 577 1511 671 jam
1544 572 1811 677 pridem
1844 602 1933 655 ex
1965 578 2297 656 omnibus
2324 602 2537 661 unam

505 681 767 778 Delegi
788 731 813 772 ,
855 674 1280 778 prudensque
1305 674 1540 747 animo
1570 674 1897 751 interiore
1926 679 2188 755 locavi:

509 780 624 854 Ut
663 778 885 870 foret,
943 772 1194 851 intaeta
1225 770 1530 847 sanetum
1562 794 1725 871 quae
1756 798 2015 851 numen
2048 781 2119 852 in
2144 777 2310 855 alvo
2434 798 2537 877 75

507 878 944 977 Conciperet
961 926 990 969 ,
1036 871 1382 971 ferretque
1408 870 1563 969 pios
1594 868 1736 945 fine
1770 871 2019 948 semine
2046 896 2307 975 partus.

461 984 469 992 ’
509 976 714 1074 Ergo
745 996 914 1073 age,
965 969 1349 1067 nubivagos
1381 966 1631 1042 molire
1662 992 1789 1068 per
1814 974 1972 1047 aera
2004 976 2300 1073 greffus:

507 1068 1037 1169 Deveniensque
1064 1070 1304 1142 locum
1335 1064 1547 1141 castas
1574 1067 1733 1141 haec
1770 1070 1970 1145 'uss'us
1998 1076 2083 1145 ad
2118 1076 2337 1149 aureis

505 1168 784 1263 Effare,
833 1170 910 1243 δε
942 1168 1250 1267 pulchris
1275 1163 1719 1241 cunctantem
1802 1170 2142 1245 ortatibus
2170 1174 2416 1273 imple:

509 1267 1101 1367 Qandoquidem
1130 1288 1350 1365 genus
1385 1290 1426 1337 e
1454 1266 1535 1339 St
1584 1265 1716 1364 giis
1746 1270 2040 1345 mortale
2068 1272 2365 1347 tenebris
2437 1273 2539 1367 80
2580 1350 2593 1361 ,

513 1367 806 1469 Eripere
839 1366 940 1441 est
975 1366 1286 1455 animus,
1335 1360 1522 1435 saevo
1550 1386 1683 1463 que
1716 1389 1949 1441 arcere
1978 1368 2275 1445 labores.

513 1484 518 1495 ¹
615 1468 952 1554 Dixerat,
1003 1462 1120 1534 ille
1143 1458 1364 1533 altum
1397 1458 1503 1533 Ze
1556 1460 1744 1559 hyris
1776 1487 1900 1558 per
1934 1467 2134 1543 inane
2160 1470 2425 1545 vocatis

509 1562 764 1661 Carpit
801 1562 972 1651 iter,
1023 1556 1272 1631 scindit
1305 1556 1491 1629 nebu
1518 1580 1627 1650 εις,
1674 1576 1887 1658 atque
1919 1565 2073 1635 aera
2104 1584 2331 1641 tranat

509 1663 548 1735 Ι
555 1686 666 1733 ma
694 1679 980 1759 petens,
1029 1652 1421 1755 pronusque
1452 1656 1657 1731 leveis
1686 1656 1810 1731 vix
1841 1680 2251 1737 commovet
2282 1664 2437 1737 alas.

504 1759 756 1851 Qtalis
783 1756 907 1829 ubi
938 1778 1027 1828 ex
1059 1752 1205 1829 alto
1231 1754 1418 1827 notis
1452 1754 1835 1830 Maeandria
1868 1756 2035 1855 ripis
2436 1758 2533 1857 85

501 1854 874 1955 Prospexit
905 1852 1074 1929 vada
1097 1903 1124 1946 ,
1171 1850 1283 1927 seu
1312 1851 1567 1951 placidi
1598 1852 1831 1955 stagna
1860 1856 2089 1955 ampla
2116 1854 2433 1957 Caystri,

503 1954 957 2055 Praecipitem
991 1950 1124 2025 sese
1155 1950 1477 2025 candenti
1507 1975 1809 2051 corpore
1841 1976 2105 2052 cycnus

502 2054 750 2127 Mittit
785 2074 1030 2151 agenS,
1083 2052 1354 2150 jamque
1386 2049 1779 2148 implumi8‚
1826 2048 2178 2153 segnisque
2207 2050 2485 2129 videtur

501 2150 542 2225 Ι
547 2150 660 2249 pse
690 2150 855 2241 fibi,
913 2148 1138 2222 donec
1167 2147 1444 2223 tandem
1479 2150 1790 2245 potiatur
1820 2154 2061 2225 amatis

501 2246 759 2324 victor
789 2250 1016 2348 aquis:
1077 2244 1169 2322 fic
1203 2248 1317 2320 ille
1346 2271 1575 2342 auraS,
1629 2249 1999 2350 nubeisque
2026 2248 2317 2326 secabat.
2424 2271 2523 2339 90

501 2346 636 2424 Ast
670 2347 792 2420 ubi
824 2343 1199 2448 palmiferae
1235 2343 1461 2420 trastu
1494 2345 1683 2422 stetit
1710 2349 1886 2424 altus
1922 2348 2234 2427 Idumes:

499 2446 620 2520 Re
675 2448 855 2519 inam
891 2443 1074 2522 haud
1106 2443 1427 2520 humileis
1452 2445 1853 2522 volventem
1888 2448 2171 2545 pectore
2201 2471 2393 2522 curas

501 2470 868 2643 Adspicit,
918 2565 1126 2643 atque
1161 2542 1261 2616 illi
1290 2563 1554 2618 veteres
1585 2548 1672 2620 de
1708 2570 1903 2620 more
1936 2547 2223 2646 Sibynae

495 2642 591 2716 ln
623 2642 970 2716 manibus:
1022 2663 1176 2714 tum
1213 2639 1398 2740 fiqua
1430 2667 1590 2716 aevo
1622 2641 1969 2718 reseranda
1998 2664 2336 2746 nepotum

495 2739 563 2816 F
563 2741 803 2814 atidici
831 2739 1020 2814 casto
1048 2739 1451 2814 cecinerunt
1484 2741 1769 2838 pestore
1812 2761 2021 2818 vates.
2422 2759 2527 2837 95

495 2837 721 2934 Ipsam
756 2859 990 2912 autem
1023 2836 1326 2911 securam
1365 2840 1619 2928 anian,
1670 2839 2039 2937 laetamque
2072 2839 2339 2912 videres

496 2936 878 3012 Auctorem
911 2937 1172 3032 sperare
1191 2933 1421 3006 suum:
1476 2957 1769 3032 namque
1802 2935 2041 3008 adfore
2071 2956 2343 3033 tempus
2353 2985 2382 3028 ,

493 3033 674 3124 Qo
700 3032 880 3108 sacer
903 3031 1224 3104 aethereis
1259 3029 1565 3130 delapsus
1591 3029 1869 3128 spiritus
1894 3031 2085 3108 astris

492 3131 914 3229 Incorrupta
937 3128 1076 3226 piae
1103 3129 1491 3227 compleret
1520 3129 1775 3222 viscera
1800 3131 2068 3222 matriti,

496 3229 854 3304 Audierat.
903 3227 1094 3300 Proh
1129 3249 1382 3323 quanta
1408 3228 1532 3302 alti
1562 3232 1944 3304 reverentia
1970 3228 2141 3304 coeli
2378 3248 2517 3303 100

495 3325 848 3426 Virgineo
879 3327 951 3398 in
985 3325 1184 3400 vultu
1207 3325 1349 3402 est!
1406 3325 1650 3399 oculos
1688 3326 1951 3426 dejesta
1987 3323 2331 3402 modestos

501 3424 850 3524 Suspirat,
902 3446 1329 3522 matremque
1365 3425 1503 3498 Dei
1534 3427 1870 3500 venientis
1900 3429 2181 3517 adorat,

493 3523 946 3621 Felicemque
978 3522 1160 3597 illam
1181 3575 1207 3614 ‚
1260 3525 1557 3598 humana
1582 3547 1710 3597 nec
1746 3525 1900 3625 lege
1927 3545 2223 3599 creatam

501 3621 710 3720 Saepe
741 3643 983 3694 vocat:
1035 3621 1334 3694 necdum
1371 3623 1508 3721 ipsa
1541 3623 1691 3696 suos
1711 3625 1859 3720 jam
1892 3622 2097 3697 sentit
2126 3625 2461 3698 honores:

495 3719 688 3796 Cum
718 3718 941 3798 subito
969 3745 1057 3797 cx
1092 3720 1235 3795 alto
1257 3723 1531 3824 juvenis
1556 3719 1873 3798 demiffus
1904 3723 2197 3824 olympo
2234 3821 2296 3898 P
2372 3745 2513 3817 ¹05

507 3861 516 3870 -
2300 3842 2509 3919 urpu-
