2802 4532
647 413 1979 523 10.BAPT.'AMALTHEIJ·
2172 431 2318 528 442.

995 665 1053 738 ·1
1131 663 1226 740 D
1325 662 1396 738 E
1490 661 1631 739 Ma
1728 573 1753 600 ’

514 907 624 959 uae
657 880 894 981 potuit
921 879 1184 980 rapidas
1213 899 1421 955 cantu
1448 865 2151 977 mulcere-piccellas,
2293 935 2299 938 -

604 977 1108 1078 Nympharum
1141 976 1340 1052 sociis
1365 978 1607 1078 jun-sta
1641 975 1894 1051 Creusa
1925 977 2196 1070 chori8‚

307 1074 476 1156 Heu
510 1100 695 1150 nunc
728 1098 920 1149 muta
953 1079 1167 1170 'acet,
1219 1077 1481 1150 Veneti
1520 1083 1722 1150 maris
1757 1099 1954 1149 autea
1988 1076 2228 1170 Siren,
2303 1086 2311 1095 '

411 1177 511 1247 Et
545 1173 757 1248 modo
791 1173 931 1248 Let
985 1175 1100 1247 aeis
1130 1175 1330 1248 anxia
1361 1176 1551 1248 navit
1581 1175 1793 1270 aquis⁰
1902 1179 1910 1188 ’
2284 1244 2327 1263 ,,

310 1271 512 1347 vIllius
543 1273 883 1369 ingemuit
913 1267 1160 1364 sacham
1197 1271 1455 1346 Nereis
1488 1273 1568 1346 ad
1604 1295 1886 1364 urnam,
2282 1293 2328 1370 5

411 1369 508 1440 Et
540 1367 721 1442 stetit
745 1367 1028 1442 absciffis
1056 1370 1136 1441 ad
1169 1373 1281 1469 pia
1309 1369 1507 1444 busta
1537 1371 1779 1444 comis.

313 1461 516 1558 Qin
547 1465 622 1538 δε
653 1466 884 1539 adhuc
909 1464 1239 1540 illustrem
1269 1470 1567 1542 animam
1600 1467 1899 1567 persaepe
1914 1462 2281 1565 reposcunt

413 1562 529 1635 Ad
560 1563 906 1639 tumulum
933 1566 1233 1665 querulis
1265 1565 1584 1640 cantibus
1624 1566 1999 1666 Alcyones.
2105 1597 2113 1606 ·

544 1788 789 1863 AD
938 1762 2084 1866 H‘YELLAM.

521 1998 640 2074 uid
669 2003 877 2081 toties
907 2000 1079 2076 fletu
1109 1997 1366 2076 nitidos
1396 1999 1783 2099 corrumpis
1814 1999 2113 2098 ocellos,

313 2009 492 2198 Q
601 2100 698 2176 Et
729 2099 1098 2200 profugam
1135 2101 1346 2175 toties
1381 2100 1583 2177 anxia
1613 2099 1861 2196 quaeris
1900 2099 2139 2178 avem?

314 2187 494 2271 Non
527 2195 882 2274 dominam
917 2199 1210 2299 effugit:
1264 2223 1631 2275 nemorum
1658 2197 1835 2273 colit
1864 2197 1978 2272 illa
2008 2197 2360 2295 receffusj'

412 2296 612 2367 Dum
641 2296 894 2369 doceat
922 2298 1240 2369 volucres
1271 2320 1526 2369 nomen
1561 2296 1819 2391 Hyena
1846 2314 2069 2373 tuum.

457 2510 468 2519 ·
515 2497 683 2573 AD
735 2494 1336 2573 SALUTEM
1385 2498 1632 2570 PRO
1684 2466 2135 2577 HYALE.

511 2682 576 2757 ia
607 2681 798 2757 Salus
816 2733 843 2774 ,
895 2702 1102 2778 aegrae
1135 2676 1457 2777 precibus
1487 2676 1754 2754 deviam
1834 2679 2033 2755 uellae

317 2700 496 2867 D
595 2778 796 2874 Affer
824 2802 1079 2875 opem,
1127 2778 1202 2851 Sc
1236 2777 1414 2849 tristi
1448 2775 1728 2877 Ρεὲὶοῐα
1785 2777 1943 2853 olve
1976 2796 2191 2854 metu.

318 2878 629 2979 Aspicis,
676 2896 756 2951 ut
783 2876 1075 2981 graciles
1104 2874 1388 2949 morbus
1414 2880 1561 2977 jam
1594 2896 1852 2951 torreat
1883 2896 2106 2971 artuS,
2288 2878 2295 2886 '

313 3058 341 3073 ,
417 2979 514 3052 Et
545 2972 838 3053 formam
868 2972 1101 3047 nitidis
1135 2971 1406 3048 obterat
1441 2999 1530 3049 ex
1560 2974 1829 3049 oculis?
2311 3042 2333 3070 „.

319 3074 420 3153 At
449 3097 532 3149 tu
564 3072 784 3151 sanfflt
817 3072 1022 3167 veni,
1073 3072 1429 3171 diramque
1452 3074 1773 3149 interfice
1800 3072 2072 3169 tabem,
2281 3096 2333 3175 ς

419 3174 546 3248 Ne
574 3174 752 3248 mala
785 3172 1103 3273 virgineo
1131 3171 1354 3268 serpat
1383 3172 1457 3243 in
1483 3196 1605 3245 offe
1635 3171 1801 3249 lues·

323 3268 464 3359 Et,
515 3270 564 3345 fi
595 3270 774 3345 sorte
800 3270 1030 3369 aliquo
1059 3271 1262 3371 virgo
1295 3268 1604 3345 vexanda
1640 3272 1863 3345 calore
1895 3266 2037 3363 est,

423 3368 600 3451 Non
629 3368 932 3470 Hyalem
967 3368 1232 3463 febres,
1279 3364 1617 3445 sed-meus
1652 3389 1806 3444 urat
1836 3370 2056 3445 a'mor.
2149 3402 2157 3411 ·
2218 3392 2225 3402 ·

1303 3734 1427 3811 Ee
1473 3760 1520 3839 5
2120 3740 2333 3818 MA-
