2802 4532
365 369 602 504 ἠ
803 341 1657 478 ΒΕῬΑΚΤυ
1758 387 2255 507 vinos

495 548 911 642 Touemus,
958 543 1264 642 laetoque
1303 541 1558 615 ducem
1598 542 1901 618 clamore
1924 544 2283 647 sequemur
2301 575 2327 624 x

505 648 766 724 vietor
796 648 909 739 ic,
961 643 1256 717 bellator
1283 642 1401 736 io,
1451 659 1534 713 tu
1564 663 1776 740 regna
1808 643 2195 744 prestanda,

504 749 634 823 Tu
645 745 906 820 mancis
921 793 949 835 ,
999 741 1447 840 Erebumque
1462 791 1489 831 ‚
1536 740 2038 844 potestatesque
2050 748 2338 822 coe'rces
2382 768 2480 848 40
2484 766 2543 850 5·

502 847 788 939 Aerias,
831 841 1248 939 lethumque
1277 858 1405 913 tuo
1436 835 1559 910 sub
1594 842 1883 914 numine
1904 861 2205 944 torques.

497 944 635 1028 Ille
661 944 806 1017 alto
837 961 1120 1015 temone
1151 937 1378 1012 {edens
1395 991 1423 1031 ‚
1470 935 1869 1040 levibusque
1900 944 2243 1044 quadrigis

495 1035 696 1120 Lora
739 1039 973 1132 dabit,
1019 1035 1470 1136 volucresque
1521 1055 1721 1136 reget
1753 1037 2030 1136 placido
2063 1066 2181 1116 ore
2204 1043 2539 1144 jugaleis‚

499 1143 689 1218 Non
711 1142 860 1238 jam
886 1135 1342 1234 cornipedum
1375 1133 1625 1208 duetos
1656 1135 1744 1209 de
1772 1135 2027 1212 semine
2056 1162 2389 1239 equorum
2409 1195 2437 1237 ,

501 1241 678 1316 Nec
705 1237 825 1338 qui
859 1233 1212 1312 consuetas
1239 1251 1527 1336 carpant
1559 1232 1980 1335 praesepibus
2010 1237 2276 1320 herbas.
2384 1261 2535 1341 410

425 1339 429 1344 ’
497 1340 778 1414 Primus
806 1336 990 1409 enim
1023 1333 1253 1408 valido
1286 1332 1615 1408 subnixus
1644 1333 1950 1410 eburnea
1978 1337 2171 1412 collo

498 1437 673 1515 Fert
693 1439 870 1535 juga
900 1427 1193 1504 formofi
1223 1431 1493 1532 pecoris
1528 1429 1841 1506 custodia
1870 1435 2193 1530 Taurus,

497 1534 828 1616 Stellatus
859 1530 1082 1604 minio
1108 1528 1424 1602 Taurus:
1478 1526 1595 1600 cui
1626 1549 1892 1603 cornua
1924 1532 2143 1607 fronti

497 1637 734 1710 Aurea
751 1685 776 1725 ,
829 1630 906 1702 ὅτ
933 1626 1184 1702 auratis
1225 1625 1513 1700 horrent
1536 1625 1825 1726 palearia
1850 1627 2039 1706 setis:

441 1799 446 1804 .
493 1733 766 1831 Perque
779 1727 984 1828 pedes
997 1725 1240 1799 bifidae
1256 1727 1758 1819 radiant‚nova
1774 1725 2356 1827 fidem,gemmae.
2386 1748 2541 1826 415

493 1830 746 1904 Torva
772 1828 948 1903 bovi
979 1823 1222 1899 facies:
1272 1824 1384 1899 sed
1417 1849 1553 1924 qua
1583 1847 1728 1898 non
1760 1826 1974 1901 altera
2000 1825 2195 1900 coelo

493 1927 853 2030 Dignior,
903 1923 1336 1998 imbriferum
1372 1947 1533 2024 quae
1563 1923 1887 1998 cornibus
1923 1924 2219 1998 inchoet
2230 1942 2486 1998 annum
2504 1973 2535 2018 ,

495 2021 584 2104 N
589 2053 674 2102 ec
706 2049 864 2126 quae
896 2042 1040 2096 tam
1077 2021 1274 2096 claris
1304 2021 1691 2122 mugitibus
1718 2022 1891 2096 astra
1916 2021 2207 2098 laceffat.

601 2128 674 2200 It
709 2126 903 2220 juxta
945 2144 1316 2195 nemorum
1342 2142 1606 2216 terror,
1654 2145 1918 2222 reigque
1942 2121 2085 2221 ipse
2116 2119 2419 2196 ferarum

497 2223 594 2301 M
598 2221 1000 2322 agnanimus
1019 2220 1197 2295 nitet
1211 2244 1329 2294 ore
1347 2219 1507 2295 Leo
1528 2243 1547 2294 τ
1582 2242 1791 2321 quem
1809 2219 1950 2294 fusa
1965 2243 2090 2320 per
2109 2241 2335 2295 armos
2382 2237 2534 2319 42Q

495 2320 870 2397 Convestit
887 2318 1096 2419 juba:
1149 2318 1547 2419 pe&oribus
1564 2320 1893 2431 generosa
1918 2318 2239 2419 superbit?

495 2418 864 2513 Maiestas,
911 2441 1058 2491 non
1075 2420 1224 2514 jam
1255 2438 1337 2493 ut
1366 2417 1658 2511 caedeis,
1710 2436 1831 2492 aut
1860 2420 2098 2515 praelia
2124 2415 2344 2491 saevus

494 2518 841 2615 fidpetat,
901 2518 1248 2610 (innocuis
1273 2536 1625 2589 armantur
1655 2515 1975 2589 dentibus
2007 2541 2173 2607 ora,

499 2614 858 2714 Grataque
884 2614 1260 2711 tranquillo
1287 2612 1469 2687 ridet
1498 2610 1869 2687 clementia
1896 2615 2126 2705 vultu.)

497 2714 640 2792 Sed
675 2714 866 2787 coelo
904 2728 988 2784 ut
1017 2710 1383 2809 spatietur,
1436 2712 1513 2786 &
1545 2711 1680 2786 alta
1712 2712 1797 2787 ad
1833 2710 2046 2787 fidera
2077 2710 2332 2786 tendat.
2382 2730 2535 2807 425

599 2810 760 2886 Hos
790 2810 948 2911 post
984 2808 1363 2909 insequitur
1404 2811 1739 2909 pulchros
1772 2831 2066 2910 pennata
2094 2834 2221 2909 per
2248 2828 2431 2884 artus

495 2910 819 2987 Alituum
854 2908 1133 3007 regina:
1185 2907 1387 2983 sacrae
1422 2909 1539 2981 cui
1568 2912 1832 2984 vertice
1860 2911 2123 3009 plumae

495 3006 941 3107 Adsurgunt:
997 3004 1320 3105 flavoque
1359 3024 1571 3107 caput
1602 3006 1986 3081 diademate
2016 3006 2262 3107 fulget.

497 3106 654 3203 Ipsa
682 3108 920 3205 ingens
948 3104 1107 3197 alis,
1157 3106 1228 3176 in
1257 3090 1461 3179 'entis
1486 3104 1797 3181 fulminis
1824 3106 2032 3179 instar
2117 3169 2119 3171 ,
2346 3108 2527 3205 (430

355 3230 362 3239 ·
503 3208 728 3301 Supra
745 3206 1110 3277 hominum
1128 3222 1158 3277 t
1273 3230 1352 3298 a,
1389 3229 1473 3279 ac
1489 3205 1827 3296 monteis‚
1864 3204 2199 3300 supraque
2212 3199 2529 3277 volucres

501 3302 796 3395 Fertur,
849 3302 923 3375 δί
955 3302 1326 3379 obstanteis
1355 3302 1557 3377 'cursu
1593 3306 1773 3402 petit
1796 3302 2006 3376 obvia
2038 3302 2301 3375 nubeiS.

603 3400 921 3475 Ultimus
957 3400 1254 3476 humana
1281 3404 1497 3477 sociat
1523 3405 1797 3475 cervice
1825 3401 2133 3475 laborem

507 3496 752 3574 :Alatus
783 3519 988 3599 tergo
1009 3504 1317 3599 juvenis:
1371 3502 1486 3573 cui
1526 3501 1711 3575 lutea
1736 3500 1920 3573 laevo

509 3598 630 3671 Ex
663 3600 956 3672 humero
992 3602 1299 3700 chlamys
1333 3600 1503 3672 Eois
1532 3597 1814 3697 insperia
1852 3598 2099 3696 lapillis

506 3697 774 3821 'Pendet
793 3728 812 3776 :
863 3724 1014 3776 eam
1035 3704 1294 3781 variant
1311 3718 1594 3773 centum
1612 3698 1831 3799 longo
1843 3697 2083 3774 ordine
2096 3696 2435 3869 Fut-geals?1
2436 3713 2531 3865 ἐξ
2566 3710 2585 3719 ”
