<?xml version="1.0" encoding="UTF-8"?>
<!DOCTYPE html PUBLIC "-//W3C//DTD XHTML 1.0 Transitional//EN"
    "http://www.w3.org/TR/xhtml1/DTD/xhtml1-transitional.dtd">
<html xmlns="http://www.w3.org/1999/xhtml" xml:lang="en" lang="en">
 <head>
  <title>
</title>
<meta http-equiv="Content-Type" content="text/html;charset=utf-8" />
  <meta name='ocr-system' content='tesseract 3.04.00' />
  <meta name='ocr-capabilities' content='ocr_page ocr_carea ocr_par ocr_line ocrx_word'/>
</head>
<body>
  <div class='ocr_page' id='page_1' title='image "actiisincerisan00amalgoog_0440.png"; bbox 0 0 2802 4532; ppageno 0'>
   <div class='ocr_carea' id='block_1_1' title="bbox 47 82 96 782">
    <p class='ocr_par' dir='ltr' id='par_1_1' title="bbox 47 82 96 782">
     <span class='ocr_line' id='line_1_1' title="bbox 47 169 56 782; textangle 90"><span class='ocrx_word' id='word_1_1' title='bbox 48 773 50 782; x_wconf 98' lang='lat'><em>-</em></span> <span class='ocrx_word' id='word_1_2' title='bbox 48 617 53 702; x_wconf 50' lang='lat' dir='ltr'>-n</span> <span class='ocrx_word' id='word_1_3' title='bbox 48 561 51 580; x_wconf 76' lang='lat'><em>-</em></span> <span class='ocrx_word' id='word_1_4' title='bbox 47 169 56 522; x_wconf 62' lang='lat' dir='ltr'>--—-—v—-——-—-v</span> 
     </span>
     <span class='ocr_line' id='line_1_2' title="bbox 85 82 96 103; textangle 90"><span class='ocrx_word' id='word_1_5' title='bbox 85 82 96 103; x_wconf 59' lang='lat' dir='ltr'>O</span> 
     </span>
    </p>
   </div>
   <div class='ocr_carea' id='block_1_2' title="bbox 631 399 2311 569">
    <p class='ocr_par' dir='ltr' id='par_1_2' title="bbox 631 399 2311 569">
     <span class='ocr_line' id='line_1_3' title="bbox 631 399 2311 569; baseline 0 -41"><span class='ocrx_word' id='word_1_6' title='bbox 631 399 1931 548; x_wconf 50' lang='lat' dir='ltr'>JO.BA1²T.&#39;AMALTHE1.</span> <span class='ocrx_word' id='word_1_7' title='bbox 2132 471 2311 569; x_wconf 50' lang='grc' dir='ltr'>μμ</span> 
     </span>
    </p>
   </div>
   <div class='ocr_carea' id='block_1_3' title="bbox 267 579 1757 690">
    <p class='ocr_par' dir='ltr' id='par_1_3' title="bbox 267 579 1757 690">
     <span class='ocr_line' id='line_1_4' title="bbox 267 579 1757 690; baseline -0.002 -21"><span class='ocrx_word' id='word_1_8' title='bbox 267 591 426 669; x_wconf 84' lang='lat' dir='ltr'>Illic</span> <span class='ocrx_word' id='word_1_9' title='bbox 454 590 830 670; x_wconf 85' lang='lat' dir='ltr'>Gerionem</span> <span class='ocrx_word' id='word_1_10' title='bbox 866 591 1122 690; x_wconf 82' lang='lat' dir='ltr'>triplici</span> <span class='ocrx_word' id='word_1_11' title='bbox 1155 579 1513 666; x_wconf 59' lang='lat' dir='ltr'>caeldverat</span> <span class='ocrx_word' id='word_1_12' title='bbox 1547 615 1757 684; x_wconf 71' lang='lat' dir='ltr'>aut-0,</span> 
     </span>
    </p>
   </div>
   <div class='ocr_carea' id='block_1_4' title="bbox 371 689 2471 794">
    <p class='ocr_par' dir='ltr' id='par_1_4' title="bbox 371 689 2471 794">
     <span class='ocr_line' id='line_1_5' title="bbox 371 689 2471 794; baseline 0.002 -31"><span class='ocrx_word' id='word_1_13' title='bbox 371 691 462 764; x_wconf 93' lang='lat' dir='ltr'>Et</span> <span class='ocrx_word' id='word_1_14' title='bbox 498 697 880 766; x_wconf 86' lang='lat' dir='ltr'>monstrum</span> <span class='ocrx_word' id='word_1_15' title='bbox 919 689 1266 776; x_wconf 85' lang='lat' dir='ltr'>Nemees,</span> <span class='ocrx_word' id='word_1_16' title='bbox 1321 690 1396 764; x_wconf 86' lang='lat'>&amp;</span> <span class='ocrx_word' id='word_1_17' title='bbox 1442 690 1811 764; x_wconf 85' lang='lat' dir='ltr'>Diomedis</span> <span class='ocrx_word' id='word_1_18' title='bbox 1836 715 2066 790; x_wconf 82' lang='lat' dir='ltr'>equos.</span> <span class='ocrx_word' id='word_1_19' title='bbox 2182 707 2281 784; x_wconf 63' lang='grc' dir='ltr'>ιφ</span> <span class='ocrx_word' id='word_1_20' title='bbox 2408 789 2415 794; x_wconf 80' lang='lat'><em>.</em></span> <span class='ocrx_word' id='word_1_21' title='bbox 2463 726 2471 735; x_wconf 93' lang='lat'><strong>·</strong></span> 
     </span>
    </p>
   </div>
   <div class='ocr_carea' id='block_1_5' title="bbox 255 777 2282 2160">
    <p class='ocr_par' dir='ltr' id='par_1_5' title="bbox 255 777 2282 2160">
     <span class='ocr_line' id='line_1_6' title="bbox 272 777 1933 887; baseline -0.004 -22"><span class='ocrx_word' id='word_1_22' title='bbox 272 789 555 865; x_wconf 80' lang='lat' dir='ltr'>Stabant</span> <span class='ocrx_word' id='word_1_23' title='bbox 596 777 869 866; x_wconf 71' lang='lat' dir='ltr'>Lerniei</span> <span class='ocrx_word' id='word_1_24' title='bbox 903 791 996 862; x_wconf 90' lang='lat' dir='ltr'>lin</span> <span class='ocrx_word' id='word_1_25' title='bbox 1050 790 1152 862; x_wconf 86' lang='lat' dir='ltr'>uis</span> <span class='ocrx_word' id='word_1_26' title='bbox 1181 789 1607 862; x_wconf 77' lang='lat' dir='ltr'>vibrantibus</span> <span class='ocrx_word' id='word_1_27' title='bbox 1638 813 1933 887; x_wconf 70' lang='lat' dir='ltr'>angues,</span> 
     </span>
     <span class='ocr_line' id='line_1_7' title="bbox 370 885 1865 983; baseline 0.001 -21"><span class='ocrx_word' id='word_1_28' title='bbox 370 887 465 962; x_wconf 89' lang='lat' dir='ltr'>Et</span> <span class='ocrx_word' id='word_1_29' title='bbox 493 905 716 962; x_wconf 83' lang='lat' dir='ltr'>terror</span> <span class='ocrx_word' id='word_1_30' title='bbox 749 885 933 960; x_wconf 84' lang='lat' dir='ltr'>filvae</span> <span class='ocrx_word' id='word_1_31' title='bbox 1007 911 1121 979; x_wconf 86' lang='lat' dir='ltr'>us,</span> <span class='ocrx_word' id='word_1_32' title='bbox 1174 885 1645 983; x_wconf 78' lang='lat' dir='ltr'>Erymanthe,</span> <span class='ocrx_word' id='word_1_33' title='bbox 1699 907 1865 964; x_wconf 85' lang='lat' dir='ltr'>tuae.</span> 
     </span>
     <span class='ocr_line' id='line_1_8' title="bbox 265 982 1806 1079; baseline 0.001 -23"><span class='ocrx_word' id='word_1_34' title='bbox 265 983 396 1056; x_wconf 88' lang='lat' dir='ltr'>Ille</span> <span class='ocrx_word' id='word_1_35' title='bbox 430 1007 658 1059; x_wconf 81' lang='lat' dir='ltr'>autern</span> <span class='ocrx_word' id='word_1_36' title='bbox 698 987 886 1060; x_wconf 79' lang='lat' dir='ltr'>vario</span> <span class='ocrx_word' id='word_1_37' title='bbox 915 1007 1150 1060; x_wconf 79' lang='lat' dir='ltr'>texens</span> <span class='ocrx_word' id='word_1_38' title='bbox 1190 982 1232 1055; x_wconf 78' lang='grc' dir='ltr'>ὲ</span> <span class='ocrx_word' id='word_1_39' title='bbox 1265 984 1442 1058; x_wconf 86' lang='lat' dir='ltr'>flore</span> <span class='ocrx_word' id='word_1_40' title='bbox 1474 985 1806 1079; x_wconf 84' lang='lat' dir='ltr'>corollas,</span> 
     </span>
     <span class='ocr_line' id='line_1_9' title="bbox 367 1082 1611 1182; baseline -0.001 -26"><span class='ocrx_word' id='word_1_41' title='bbox 367 1083 874 1158; x_wconf 82' lang='lat' dir='ltr'>Incustoditum</span> <span class='ocrx_word' id='word_1_42' title='bbox 907 1082 1085 1182; x_wconf 84' lang='lat' dir='ltr'>saepe</span> <span class='ocrx_word' id='word_1_43' title='bbox 1119 1103 1427 1163; x_wconf 77' lang='lat' dir='ltr'>moratus</span> <span class='ocrx_word' id='word_1_44' title='bbox 1463 1087 1611 1156; x_wconf 76' lang='lat' dir='ltr'>iter.</span> 
     </span>
     <span class='ocr_line' id='line_1_10' title="bbox 267 1175 2282 1278; baseline 0 -23"><span class='ocrx_word' id='word_1_45' title='bbox 267 1175 496 1255; x_wconf 85' lang='lat' dir='ltr'>Nunc</span> <span class='ocrx_word' id='word_1_46' title='bbox 535 1205 706 1253; x_wconf 90' lang='lat' dir='ltr'>nova</span> <span class='ocrx_word' id='word_1_47' title='bbox 740 1179 1034 1256; x_wconf 83' lang='lat' dir='ltr'>formosa</span> <span class='ocrx_word' id='word_1_48' title='bbox 1061 1181 1372 1278; x_wconf 73' lang='lat' dir='ltr'>decerpit</span> <span class='ocrx_word' id='word_1_49' title='bbox 1404 1179 1543 1254; x_wconf 79' lang='lat' dir='ltr'>lilia</span> <span class='ocrx_word' id='word_1_50' title='bbox 1569 1181 1817 1256; x_wconf 79' lang='lat' dir='ltr'>dextra</span> <span class='ocrx_word' id='word_1_51' title='bbox 1835 1181 1903 1274; x_wconf 56' lang='grc' dir='ltr'>,ἶ</span> <span class='ocrx_word' id='word_1_52' title='bbox 2152 1228 2159 1236; x_wconf 89' lang='grc'><strong>-</strong></span> <span class='ocrx_word' id='word_1_53' title='bbox 2189 1195 2282 1274; x_wconf 85' lang='lat'>25</span> 
     </span>
     <span class='ocr_line' id='line_1_11' title="bbox 366 1275 1793 1378; baseline 0.001 -30"><span class='ocrx_word' id='word_1_54' title='bbox 366 1275 446 1348; x_wconf 94' lang='lat' dir='ltr'>N</span> <span class='ocrx_word' id='word_1_55' title='bbox 455 1301 591 1352; x_wconf 86' lang='lat' dir='ltr'>unc</span> <span class='ocrx_word' id='word_1_56' title='bbox 621 1282 868 1354; x_wconf 87' lang='lat' dir='ltr'>teneris</span> <span class='ocrx_word' id='word_1_57' title='bbox 895 1300 1094 1354; x_wconf 85' lang='lat' dir='ltr'>ornat</span> <span class='ocrx_word' id='word_1_58' title='bbox 1122 1277 1290 1352; x_wconf 85' lang='lat' dir='ltr'>serta</span> <span class='ocrx_word' id='word_1_59' title='bbox 1326 1279 1793 1378; x_wconf 74' lang='lat' dir='ltr'>papaveribus.</span> 
     </span>
     <span class='ocr_line' id='line_1_12' title="bbox 265 1372 1989 1476; baseline 0.001 -28"><span class='ocrx_word' id='word_1_60' title='bbox 265 1372 495 1448; x_wconf 90' lang='lat' dir='ltr'>Nunc</span> <span class='ocrx_word' id='word_1_61' title='bbox 527 1379 734 1450; x_wconf 85' lang='lat' dir='ltr'>etiam</span> <span class='ocrx_word' id='word_1_62' title='bbox 771 1377 1072 1476; x_wconf 84' lang='lat' dir='ltr'>placidos</span> <span class='ocrx_word' id='word_1_63' title='bbox 1103 1377 1348 1450; x_wconf 85' lang='lat' dir='ltr'>invitat</span> <span class='ocrx_word' id='word_1_64' title='bbox 1380 1377 1679 1452; x_wconf 79' lang='lat' dir='ltr'>carmine</span> <span class='ocrx_word' id='word_1_65' title='bbox 1708 1391 1989 1469; x_wconf 86' lang='lat' dir='ltr'>ventos,</span> 
     </span>
     <span class='ocr_line' id='line_1_13' title="bbox 365 1471 1824 1572; baseline 0.003 -28"><span class='ocrx_word' id='word_1_66' title='bbox 365 1471 474 1544; x_wconf 89' lang='lat' dir='ltr'>Ut</span> <span class='ocrx_word' id='word_1_67' title='bbox 506 1475 672 1549; x_wconf 86' lang='lat' dir='ltr'>levis</span> <span class='ocrx_word' id='word_1_68' title='bbox 703 1475 1014 1551; x_wconf 86' lang='lat' dir='ltr'>aestivum</span> <span class='ocrx_word' id='word_1_69' title='bbox 1053 1494 1389 1572; x_wconf 71' lang='lat' dir='ltr'>temperet</span> <span class='ocrx_word' id='word_1_70' title='bbox 1422 1497 1587 1548; x_wconf 78' lang='lat' dir='ltr'>aura</span> <span class='ocrx_word' id='word_1_71' title='bbox 1613 1475 1824 1548; x_wconf 83' lang='lat' dir='ltr'>diem.</span> 
     </span>
     <span class='ocr_line' id='line_1_14' title="bbox 265 1565 1967 1660; baseline 0.004 -20"><span class='ocrx_word' id='word_1_72' title='bbox 265 1565 632 1646; x_wconf 86' lang='lat' dir='ltr'>Interdum</span> <span class='ocrx_word' id='word_1_73' title='bbox 663 1575 913 1648; x_wconf 88' lang='lat' dir='ltr'>auditis</span> <span class='ocrx_word' id='word_1_74' title='bbox 947 1579 1175 1648; x_wconf 83' lang='lat' dir='ltr'>avium</span> <span class='ocrx_word' id='word_1_75' title='bbox 1209 1572 1665 1646; x_wconf 80' lang='lat' dir='ltr'>concentibus</span> <span class='ocrx_word' id='word_1_76' title='bbox 1703 1573 1967 1660; x_wconf 66' lang='lat' dir='ltr'>haeret5</span> 
     </span>
     <span class='ocr_line' id='line_1_15' title="bbox 367 1665 2281 1774; baseline 0.001 -34"><span class='ocrx_word' id='word_1_77' title='bbox 367 1665 634 1746; x_wconf 86' lang='lat' dir='ltr'>Tentat</span> <span class='ocrx_word' id='word_1_78' title='bbox 675 1671 745 1746; x_wconf 74' lang='grc' dir='ltr'>ὃ(</span> <span class='ocrx_word' id='word_1_79' title='bbox 783 1693 1066 1774; x_wconf 85' lang='lat' dir='ltr'>argutos</span> <span class='ocrx_word' id='word_1_80' title='bbox 1100 1694 1275 1744; x_wconf 85' lang='lat' dir='ltr'>voce</span> <span class='ocrx_word' id='word_1_81' title='bbox 1308 1667 1561 1747; x_wconf 86' lang='lat' dir='ltr'>referre</span> <span class='ocrx_word' id='word_1_82' title='bbox 1592 1671 1855 1745; x_wconf 81' lang='lat' dir='ltr'>modos.</span> <span class='ocrx_word' id='word_1_83' title='bbox 2191 1682 2281 1766; x_wconf 73' lang='lat'>39</span> 
     </span>
     <span class='ocr_line' id='line_1_16' title="bbox 261 1763 2162 1868; baseline -0.002 -27"><span class='ocrx_word' id='word_1_84' title='bbox 261 1763 398 1841; x_wconf 82' lang='lat' dir='ltr'>Ine</span> <span class='ocrx_word' id='word_1_85' title='bbox 431 1787 660 1849; x_wconf 80' lang='lat' dir='ltr'>tamen</span> <span class='ocrx_word' id='word_1_86' title='bbox 694 1794 826 1868; x_wconf 87' lang='lat' dir='ltr'>pro</span> <span class='ocrx_word' id='word_1_87' title='bbox 877 1799 916 1844; x_wconf 89' lang='lat' dir='ltr'>e</span> <span class='ocrx_word' id='word_1_88' title='bbox 950 1770 1162 1845; x_wconf 82' lang='lat' dir='ltr'>fontis</span> <span class='ocrx_word' id='word_1_89' title='bbox 1185 1794 1223 1840; x_wconf 87' lang='lat' dir='ltr'><strong>a</strong></span> <span class='ocrx_word' id='word_1_90' title='bbox 1269 1791 1384 1842; x_wconf 81' lang='lat' dir='ltr'>uas</span> <span class='ocrx_word' id='word_1_91' title='bbox 1419 1769 1772 1861; x_wconf 82' lang='lat' dir='ltr'>incautus,</span> <span class='ocrx_word' id='word_1_92' title='bbox 1823 1769 1897 1844; x_wconf 82' lang='lat'>&amp;</span> <span class='ocrx_word' id='word_1_93' title='bbox 1933 1783 2162 1840; x_wconf 78' lang='lat' dir='ltr'>amens</span> 
     </span>
     <span class='ocr_line' id='line_1_17' title="bbox 361 1797 1773 1966; baseline 0.001 -28"><span class='ocrx_word' id='word_1_94' title='bbox 361 1861 702 1966; x_wconf 78' lang='lat' dir='ltr'>Constitit</span> <span class='ocrx_word' id='word_1_95' title='bbox 725 1919 754 1960; x_wconf 88' lang='lat'>,</span> <span class='ocrx_word' id='word_1_96' title='bbox 805 1797 882 1944; x_wconf 49' lang='grc' dir='ltr'>ἐξ</span> <span class='ocrx_word' id='word_1_97' title='bbox 918 1871 1105 1944; x_wconf 83' lang='lat' dir='ltr'>vanis</span> <span class='ocrx_word' id='word_1_98' title='bbox 1142 1891 1213 1942; x_wconf 79' lang='lat' dir='ltr'>ar</span> <span class='ocrx_word' id='word_1_99' title='bbox 1243 1887 1299 1938; x_wconf 88' lang='lat' dir='ltr'>1t</span> <span class='ocrx_word' id='word_1_100' title='bbox 1333 1866 1773 1966; x_wconf 80' lang='lat' dir='ltr'>imaginibus.</span> 
     </span>
     <span class='ocr_line' id='line_1_18' title="bbox 255 1959 1782 2065; baseline 0.001 -29"><span class='ocrx_word' id='word_1_101' title='bbox 255 1959 566 2038; x_wconf 83' lang='lat' dir='ltr'>Miratur</span> <span class='ocrx_word' id='word_1_102' title='bbox 594 1965 833 2065; x_wconf 87' lang='lat' dir='ltr'>nigros</span> <span class='ocrx_word' id='word_1_103' title='bbox 867 1968 1145 2058; x_wconf 79' lang='lat' dir='ltr'>oculos,</span> <span class='ocrx_word' id='word_1_104' title='bbox 1197 1963 1485 2058; x_wconf 80' lang='lat' dir='ltr'>miratur</span> <span class='ocrx_word' id='word_1_105' title='bbox 1523 1963 1595 2036; x_wconf 70' lang='grc' dir='ltr'>ὅ(</span> <span class='ocrx_word' id='word_1_106' title='bbox 1631 1987 1782 2038; x_wconf 73' lang='lat' dir='ltr'>ora:</span> 
     </span>
     <span class='ocr_line' id='line_1_19' title="bbox 360 2055 1467 2160; baseline 0.002 -27"><span class='ocrx_word' id='word_1_107' title='bbox 360 2059 455 2135; x_wconf 90' lang='lat' dir='ltr'>Et</span> <span class='ocrx_word' id='word_1_108' title='bbox 489 2061 826 2160; x_wconf 73' lang='lat' dir='ltr'>defiderio</span> <span class='ocrx_word' id='word_1_109' title='bbox 856 2063 901 2136; x_wconf 89' lang='lat' dir='ltr'>d</span> <span class='ocrx_word' id='word_1_110' title='bbox 992 2068 1126 2139; x_wconf 87' lang='lat' dir='ltr'>erit</span> <span class='ocrx_word' id='word_1_111' title='bbox 1163 2055 1304 2158; x_wconf 87' lang='lat' dir='ltr'>ipsc</span> <span class='ocrx_word' id='word_1_112' title='bbox 1347 2056 1467 2136; x_wconf 87' lang='lat' dir='ltr'>sui.</span> 
     </span>
    </p>
   </div>
   <div class='ocr_carea' id='block_1_6' title="bbox 213 2151 2283 2274">
    <p class='ocr_par' dir='ltr' id='par_1_6' title="bbox 213 2151 2283 2274">
     <span class='ocr_line' id='line_1_20' title="bbox 213 2151 2283 2274; baseline 0.001 -45"><span class='ocrx_word' id='word_1_113' title='bbox 213 2185 222 2195; x_wconf 93' lang='lat'><strong>·</strong></span> <span class='ocrx_word' id='word_1_114' title='bbox 256 2155 448 2256; x_wconf 81' lang='lat' dir='ltr'>Qae</span> <span class='ocrx_word' id='word_1_115' title='bbox 489 2181 562 2235; x_wconf 82' lang='lat' dir='ltr'>te</span> <span class='ocrx_word' id='word_1_116' title='bbox 597 2163 916 2262; x_wconf 77' lang='lat' dir='ltr'>(inquit)·</span> <span class='ocrx_word' id='word_1_117' title='bbox 948 2159 1214 2238; x_wconf 83' lang='lat' dir='ltr'>ormose</span> <span class='ocrx_word' id='word_1_118' title='bbox 1248 2184 1421 2260; x_wconf 85' lang='lat' dir='ltr'>puer</span> <span class='ocrx_word' id='word_1_119' title='bbox 1446 2161 1593 2274; x_wconf 80' lang='lat' dir='ltr'>jam</span> <span class='ocrx_word' id='word_1_120' title='bbox 1612 2151 2149 2237; x_wconf 75' lang='lat' dir='ltr'>fataretardant?</span> <span class='ocrx_word' id='word_1_121' title='bbox 2192 2173 2225 2254; x_wconf 87' lang='lat'>3</span> <span class='ocrx_word' id='word_1_122' title='bbox 2237 2173 2283 2254; x_wconf 79' lang='grc' dir='ltr'>ς·</span> 
     </span>
    </p>
   </div>
   <div class='ocr_carea' id='block_1_7' title="bbox 254 2257 2315 3721">
    <p class='ocr_par' dir='ltr' id='par_1_7' title="bbox 357 2257 1743 2359">
     <span class='ocr_line' id='line_1_21' title="bbox 357 2257 1743 2359; baseline 0.004 -29"><span class='ocrx_word' id='word_1_123' title='bbox 357 2257 902 2357; x_wconf 81' lang='lat' dir='ltr'>Complexuq&#39;ue</span> <span class='ocrx_word' id='word_1_124' title='bbox 932 2286 1090 2335; x_wconf 88' lang='lat' dir='ltr'>meo</span> <span class='ocrx_word' id='word_1_125' title='bbox 1120 2257 1364 2355; x_wconf 81' lang='lat' dir='ltr'>saepius</span> <span class='ocrx_word' id='word_1_126' title='bbox 1393 2257 1743 2359; x_wconf 73' lang='lat' dir='ltr'>eripiunt?</span> 
     </span>
    </p>

    <p class='ocr_par' dir='ltr' id='par_1_8' title="bbox 257 2352 2067 2549">
     <span class='ocr_line' id='line_1_22' title="bbox 257 2352 2067 2453; baseline 0.001 -29"><span class='ocrx_word' id='word_1_127' title='bbox 257 2353 462 2445; x_wconf 69' lang='lat' dir='ltr'>Qud</span> <span class='ocrx_word' id='word_1_128' title='bbox 497 2356 820 2450; x_wconf 83' lang='lat' dir='ltr'>prohibet</span> <span class='ocrx_word' id='word_1_129' title='bbox 867 2356 1052 2428; x_wconf 71' lang='lat' dir='ltr'>socio</span> <span class='ocrx_word' id='word_1_130' title='bbox 1087 2358 1349 2450; x_wconf 74' lang='lat' dir='ltr'>conjun</span> <span class='ocrx_word' id='word_1_131' title='bbox 1445 2381 1515 2430; x_wconf 87' lang='lat' dir='ltr'>te</span> <span class='ocrx_word' id='word_1_132' title='bbox 1547 2380 1841 2453; x_wconf 77' lang='lat' dir='ltr'>corpora</span> <span class='ocrx_word' id='word_1_133' title='bbox 1872 2352 2067 2431; x_wconf 81' lang='lat' dir='ltr'>lusu?</span> 
     </span>
     <span class='ocr_line' id='line_1_23' title="bbox 361 2448 1793 2549; baseline 0 -24"><span class='ocrx_word' id='word_1_134' title='bbox 361 2452 753 2546; x_wconf 81' lang='lat' dir='ltr'>Mutuaque</span> <span class='ocrx_word' id='word_1_135' title='bbox 783 2448 1059 2525; x_wconf 84' lang='lat' dir='ltr'>alternis</span> <span class='ocrx_word' id='word_1_136' title='bbox 1090 2454 1314 2523; x_wconf 73' lang='lat' dir='ltr'>oscula</span> <span class='ocrx_word' id='word_1_137' title='bbox 1371 2476 1519 2525; x_wconf 83' lang='lat' dir='ltr'>erre</span> <span class='ocrx_word' id='word_1_138' title='bbox 1542 2452 1793 2549; x_wconf 85' lang='lat' dir='ltr'>genis?</span> 
     </span>
    </p>

    <p class='ocr_par' dir='ltr' id='par_1_9' title="bbox 260 2544 2281 2746">
     <span class='ocr_line' id='line_1_24' title="bbox 260 2544 2185 2647; baseline -0.006 -20"><span class='ocrx_word' id='word_1_139' title='bbox 260 2552 555 2627; x_wconf 80' lang='lat' dir='ltr'>Intueor</span> <span class='ocrx_word' id='word_1_140' title='bbox 587 2548 752 2621; x_wconf 89' lang='lat' dir='ltr'>dum</span> <span class='ocrx_word' id='word_1_141' title='bbox 782 2572 1042 2647; x_wconf 85' lang='lat' dir='ltr'>pronus</span> <span class='ocrx_word' id='word_1_142' title='bbox 1075 2570 1320 2641; x_wconf 77' lang='lat' dir='ltr'>aquas,</span> <span class='ocrx_word' id='word_1_143' title='bbox 1369 2544 1444 2619; x_wconf 73' lang='grc' dir='ltr'>δε</span> <span class='ocrx_word' id='word_1_144' title='bbox 1480 2545 1759 2621; x_wconf 86' lang='lat' dir='ltr'>brachia</span> <span class='ocrx_word' id='word_1_145' title='bbox 1787 2547 2037 2634; x_wconf 89' lang='lat' dir='ltr'>tendo,</span> <span class='ocrx_word' id='word_1_146' title='bbox 2173 2598 2185 2616; x_wconf 90' lang='lat'><em>.</em></span> 
     </span>
     <span class='ocr_line' id='line_1_25' title="bbox 364 2642 2281 2746; baseline -0.005 -25"><span class='ocrx_word' id='word_1_147' title='bbox 364 2648 640 2746; x_wconf 74' lang='lat' dir='ltr'>SurgiS,</span> <span class='ocrx_word' id='word_1_148' title='bbox 697 2646 771 2721; x_wconf 85' lang='lat'>&amp;</span> <span class='ocrx_word' id='word_1_149' title='bbox 807 2647 964 2719; x_wconf 85' lang='lat' dir='ltr'>haec</span> <span class='ocrx_word' id='word_1_150' title='bbox 993 2644 1230 2720; x_wconf 85' lang='lat' dir='ltr'>eadem</span> <span class='ocrx_word' id='word_1_151' title='bbox 1267 2664 1346 2715; x_wconf 88' lang='lat' dir='ltr'>tu</span> <span class='ocrx_word' id='word_1_152' title='bbox 1381 2666 1656 2741; x_wconf 65' lang='lat' dir='ltr'>queque</span> <span class='ocrx_word' id='word_1_153' title='bbox 1690 2642 1878 2742; x_wconf 72' lang='lat' dir='ltr'>ligna</span> <span class='ocrx_word' id='word_1_154' title='bbox 1912 2642 2137 2717; x_wconf 83' lang='lat' dir='ltr'>refers.</span> <span class='ocrx_word' id='word_1_155' title='bbox 2184 2662 2281 2739; x_wconf 88' lang='lat'>40</span> 
     </span>
    </p>

    <p class='ocr_par' dir='ltr' id='par_1_10' title="bbox 259 2736 1933 2937">
     <span class='ocr_line' id='line_1_26' title="bbox 259 2736 1933 2823; baseline -0.003 -5"><span class='ocrx_word' id='word_1_156' title='bbox 259 2742 366 2818; x_wconf 88' lang='lat' dir='ltr'>Et</span> <span class='ocrx_word' id='word_1_157' title='bbox 401 2762 516 2817; x_wconf 80' lang='lat' dir='ltr'>tan</span> <span class='ocrx_word' id='word_1_158' title='bbox 567 2768 722 2822; x_wconf 85' lang='lat' dir='ltr'>uam</span> <span class='ocrx_word' id='word_1_159' title='bbox 756 2740 970 2815; x_wconf 84' lang='lat' dir='ltr'>nostri</span> <span class='ocrx_word' id='word_1_160' title='bbox 999 2740 1235 2814; x_wconf 83' lang='lat' dir='ltr'>solitus</span> <span class='ocrx_word' id='word_1_161' title='bbox 1263 2736 1933 2823; x_wconf 68' lang='lat' dir='ltr'>miserescerc.lu&amp;us</span> 
     </span>
     <span class='ocr_line' id='line_1_27' title="bbox 358 2836 1789 2937; baseline -0.004 -22"><span class='ocrx_word' id='word_1_162' title='bbox 358 2843 524 2915; x_wconf 92' lang='lat' dir='ltr'>Con</span> <span class='ocrx_word' id='word_1_163' title='bbox 557 2842 753 2917; x_wconf 88' lang='lat' dir='ltr'>undis</span> <span class='ocrx_word' id='word_1_164' title='bbox 785 2836 1053 2915; x_wconf 83' lang='lat' dir='ltr'>moestis</span> <span class='ocrx_word' id='word_1_165' title='bbox 1084 2838 1342 2913; x_wconf 78' lang='lat' dir='ltr'>lumina</span> <span class='ocrx_word' id='word_1_166' title='bbox 1367 2838 1789 2937; x_wconf 75' lang='lat' dir='ltr'>lacrymulis.</span> 
     </span>
    </p>

    <p class='ocr_par' dir='ltr' id='par_1_11' title="bbox 259 2932 1947 3137">
     <span class='ocr_line' id='line_1_28' title="bbox 259 2932 1947 3037; baseline -0.002 -20"><span class='ocrx_word' id='word_1_167' title='bbox 259 2940 642 3017; x_wconf 85' lang='lat' dir='ltr'>Audierant</span> <span class='ocrx_word' id='word_1_168' title='bbox 677 2938 944 3014; x_wconf 79' lang='lat' dir='ltr'>miseras</span> <span class='ocrx_word' id='word_1_169' title='bbox 969 2936 1233 3037; x_wconf 88' lang='lat' dir='ltr'>liquido</span> <span class='ocrx_word' id='word_1_170' title='bbox 1265 2932 1386 3008; x_wconf 91' lang='lat' dir='ltr'>sub</span> <span class='ocrx_word' id='word_1_171' title='bbox 1422 2932 1615 3011; x_wconf 84' lang='lat' dir='ltr'>fonte</span> <span class='ocrx_word' id='word_1_172' title='bbox 1647 2938 1947 3035; x_wconf 79' lang='lat' dir='ltr'>querelas</span> 
     </span>
     <span class='ocr_line' id='line_1_29' title="bbox 357 3032 1755 3137; baseline -0.003 -27"><span class='ocrx_word' id='word_1_173' title='bbox 357 3038 440 3110; x_wconf 95' lang='lat' dir='ltr'>N</span> <span class='ocrx_word' id='word_1_174' title='bbox 445 3039 712 3137; x_wconf 85' lang='lat' dir='ltr'>ajades‚</span> <span class='ocrx_word' id='word_1_175' title='bbox 763 3058 968 3135; x_wconf 86' lang='lat' dir='ltr'>atque</span> <span class='ocrx_word' id='word_1_176' title='bbox 997 3037 1154 3111; x_wconf 85' lang='lat' dir='ltr'>imis</span> <span class='ocrx_word' id='word_1_177' title='bbox 1182 3032 1485 3109; x_wconf 79' lang='lat' dir='ltr'>exiluere</span> <span class='ocrx_word' id='word_1_178' title='bbox 1524 3034 1755 3109; x_wconf 75' lang='lat' dir='ltr'>vadiS.²</span> 
     </span>
    </p>

    <p class='ocr_par' dir='ltr' id='par_1_12' title="bbox 254 3130 2315 3329">
     <span class='ocr_line' id='line_1_30' title="bbox 254 3130 2315 3233; baseline -0.002 -22"><span class='ocrx_word' id='word_1_179' title='bbox 254 3136 456 3213; x_wconf 87' lang='lat' dir='ltr'>Tum</span> <span class='ocrx_word' id='word_1_180' title='bbox 493 3160 784 3233; x_wconf 83' lang='lat' dir='ltr'>puerum</span> <span class='ocrx_word' id='word_1_181' title='bbox 820 3158 934 3207; x_wconf 86' lang='lat' dir='ltr'>ma</span> <span class='ocrx_word' id='word_1_182' title='bbox 985 3136 1057 3207; x_wconf 90' lang='lat' dir='ltr'>ni</span> <span class='ocrx_word' id='word_1_183' title='bbox 1086 3132 1501 3209; x_wconf 82' lang='lat' dir='ltr'>clamantem</span> <span class='ocrx_word' id='word_1_184' title='bbox 1541 3158 1798 3231; x_wconf 77' lang='lat' dir='ltr'>nomen</span> <span class='ocrx_word' id='word_1_185' title='bbox 1829 3130 2035 3210; x_wconf 79' lang='lat' dir='ltr'>amici</span> <span class='ocrx_word' id='word_1_186' title='bbox 2176 3154 2276 3231; x_wconf 77' lang='lat'>45·</span> <span class='ocrx_word' id='word_1_187' title='bbox 2308 3222 2315 3231; x_wconf 87' lang='lat'><strong>.</strong></span> 
     </span>
     <span class='ocr_line' id='line_1_31' title="bbox 361 3231 1792 3329; baseline -0.001 -23"><span class='ocrx_word' id='word_1_188' title='bbox 361 3234 704 3309; x_wconf 82' lang='lat' dir='ltr'>Certatim</span> <span class='ocrx_word' id='word_1_189' title='bbox 742 3234 902 3329; x_wconf 88' lang='lat' dir='ltr'>cupi</span> <span class='ocrx_word' id='word_1_190' title='bbox 956 3257 1011 3305; x_wconf 77' lang='lat' dir='ltr'>rs</span> <span class='ocrx_word' id='word_1_191' title='bbox 1039 3231 1429 3329; x_wconf 78' lang='lat' dir='ltr'>corripiunt</span> <span class='ocrx_word' id='word_1_192' title='bbox 1459 3232 1792 3305; x_wconf 82' lang='lat' dir='ltr'>manibus.</span> 
     </span>
    </p>

    <p class='ocr_par' dir='ltr' id='par_1_13' title="bbox 266 3324 2067 3521">
     <span class='ocr_line' id='line_1_32' title="bbox 266 3324 2067 3430; baseline -0.003 -23"><span class='ocrx_word' id='word_1_193' title='bbox 266 3330 402 3407; x_wconf 86' lang='lat' dir='ltr'>Sed</span> <span class='ocrx_word' id='word_1_194' title='bbox 435 3334 596 3429; x_wconf 88' lang='lat' dir='ltr'>quid</span> <span class='ocrx_word' id='word_1_195' title='bbox 633 3336 764 3425; x_wconf 72' lang='lat' dir='ltr'>iam</span> <span class='ocrx_word' id='word_1_196' title='bbox 803 3330 1082 3405; x_wconf 83' lang='lat' dir='ltr'>Alcides</span> <span class='ocrx_word' id='word_1_197' title='bbox 1115 3324 1372 3430; x_wconf 86' lang='lat' dir='ltr'>profit,</span> <span class='ocrx_word' id='word_1_198' title='bbox 1425 3332 1762 3403; x_wconf 86' lang='lat' dir='ltr'>contraria</span> <span class='ocrx_word' id='word_1_199' title='bbox 1794 3326 2067 3427; x_wconf 83' lang='lat' dir='ltr'>quando</span> 
     </span>
     <span class='ocr_line' id='line_1_33' title="bbox 364 3421 1809 3521; baseline 0.001 -25"><span class='ocrx_word' id='word_1_200' title='bbox 364 3424 528 3499; x_wconf 82' lang='lat' dir='ltr'>Fata</span> <span class='ocrx_word' id='word_1_201' title='bbox 563 3430 876 3521; x_wconf 80' lang='lat' dir='ltr'>obstant,</span> <span class='ocrx_word' id='word_1_202' title='bbox 929 3428 1102 3501; x_wconf 85' lang='lat' dir='ltr'>tanti</span> <span class='ocrx_word' id='word_1_203' title='bbox 1131 3424 1403 3501; x_wconf 86' lang='lat' dir='ltr'>conscia</span> <span class='ocrx_word' id='word_1_204' title='bbox 1433 3426 1577 3504; x_wconf 78' lang='lat' dir='ltr'>fata</span> <span class='ocrx_word' id='word_1_205' title='bbox 1604 3421 1809 3506; x_wconf 81' lang='lat' dir='ltr'>mali?</span> 
     </span>
    </p>

    <p class='ocr_par' dir='ltr' id='par_1_14' title="bbox 259 3522 2275 3721">
     <span class='ocr_line' id='line_1_34' title="bbox 259 3522 2275 3623; baseline -0.001 -22"><span class='ocrx_word' id='word_1_206' title='bbox 259 3523 478 3601; x_wconf 84' lang='lat' dir='ltr'>Illum</span> <span class='ocrx_word' id='word_1_207' title='bbox 513 3524 881 3623; x_wconf 83' lang='lat' dir='ltr'>Nymphae</span> <span class='ocrx_word' id='word_1_208' title='bbox 911 3525 1110 3600; x_wconf 60' lang='lat' dir='ltr'>arctis</span> <span class='ocrx_word' id='word_1_209' title='bbox 1143 3524 1444 3623; x_wconf 80' lang='lat' dir='ltr'>retinent</span> <span class='ocrx_word' id='word_1_210' title='bbox 1485 3522 1963 3621; x_wconf 75' lang='lat' dir='ltr'>complexibus</span> <span class='ocrx_word' id='word_1_211' title='bbox 1993 3547 2275 3617; x_wconf 87' lang='lat' dir='ltr'>omnes,</span> 
     </span>
     <span class='ocr_line' id='line_1_35' title="bbox 363 3618 2274 3721; baseline -0.001 -26"><span class='ocrx_word' id='word_1_212' title='bbox 363 3620 462 3695; x_wconf 84' lang='lat' dir='ltr'>Et</span> <span class='ocrx_word' id='word_1_213' title='bbox 492 3618 824 3695; x_wconf 85' lang='lat' dir='ltr'>cohibent</span> <span class='ocrx_word' id='word_1_214' title='bbox 856 3621 1024 3697; x_wconf 86' lang='lat' dir='ltr'>fufis</span> <span class='ocrx_word' id='word_1_215' title='bbox 1058 3623 1360 3721; x_wconf 84' lang='lat' dir='ltr'>undique</span> <span class='ocrx_word' id='word_1_216' title='bbox 1391 3620 1809 3697; x_wconf 87' lang='lat' dir='ltr'>fluminibus.</span> <span class='ocrx_word' id='word_1_217' title='bbox 2177 3644 2274 3718; x_wconf 83' lang='lat'>50</span> 
     </span>
    </p>
   </div>
   <div class='ocr_carea' id='block_1_8' title="bbox 263 3718 2281 3919">
    <p class='ocr_par' dir='ltr' id='par_1_15' title="bbox 263 3718 2281 3919">
     <span class='ocr_line' id='line_1_36' title="bbox 263 3718 2281 3893; baseline -0 -97"><span class='ocrx_word' id='word_1_218' title='bbox 263 3718 661 3828; x_wconf 67' lang='lat' dir='ltr'>Fulgebant</span> <span class='ocrx_word' id='word_1_219' title='bbox 687 3720 922 3796; x_wconf 85' lang='lat' dir='ltr'>nitidis</span> <span class='ocrx_word' id='word_1_220' title='bbox 948 3741 1272 3821; x_wconf 82' lang='lat' dir='ltr'>argentea</span> <span class='ocrx_word' id='word_1_221' title='bbox 1301 3720 1611 3893; x_wconf 54' lang='lat' dir='ltr'>mlgrgbra</span> <span class='ocrx_word' id='word_1_222' title='bbox 1638 3718 1757 3797; x_wconf 87' lang='lat' dir='ltr'>sub</span> <span class='ocrx_word' id='word_1_223' title='bbox 1788 3718 2024 3814; x_wconf 86' lang='lat' dir='ltr'>undis,</span> <span class='ocrx_word' id='word_1_224' title='bbox 2168 3810 2281 3891; x_wconf 89' lang='lat' dir='ltr'>Ut</span> 
     </span>
     <span class='ocr_line' id='line_1_37' title="bbox 1529 3846 1567 3919; baseline 0 0"><span class='ocrx_word' id='word_1_225' title='bbox 1529 3846 1567 3919; x_wconf 87' lang='lat'><em>3</em></span> 
     </span>
    </p>
   </div>
  </div>
 </body>
</html>
