2802 4532
490 417 640 537 43⁸
841 383 2133 507 Jo.BAPT.AMA‘LT1-1E1.

497 553 672 628 Nec
705 545 985 649 poss‘unt
1019 547 1348 646 lacrymae
1377 546 1614 620 duram
1646 545 1860 621 lenire
1884 551 2184 648 puellam
2200 581 2229 641 ς

599 651 765 722 Nec
796 647 1026 722 nostra
1060 645 1367 720 adversos
1400 643 1677 720 flectere
1710 667 1875 720 vota
1914 647 2100 724 deos.

401 835 413 841 ¹
497 747 652 828 Vos
688 746 886 821 testes
920 767 1284 818 nemorum
1316 741 1565 836 saltus,
1614 768 1740 816 vos
1770 745 2101 842 flumina,
2152 770 2454 848 quaeque

595 843 901 920 Audistis
929 843 1232 941 gemitus
1265 842 1477 916 fidera
1512 843 1693 939 saepe
1725 867 1957 936 meos,
2438 866 2535 946 30

500 942 690 1018 Cum
728 967 839 1016 me
871 943 992 1014 Sol
1026 941 1217 1013 roseo
1248 942 1748 1039 lacrymantem
1782 942 1961 1016 vidit
1988 941 2074 1017 ab
2107 962 2265 1018 ortu
2287 997 2317 1038 ‚

605 1039 808 1114 Vidit
841 1039 913 1112 δε
949 1036 1292 1136 Hesperio
1328 1041 1689 1134 proximus
1729 1043 2050 1114 Oceano,

501 1138 746 1231 Felix,
796 1138 910 1234 qui
948 1137 1139 1208 lento
1171 1137 1543 1234 decerpens
1580 1136 1834 1234 pabula
1868 1135 2101 1213 morsu

599 1237 988 1311 Occultum
1028 1235 1279 1331 gaudet
1315 1253 1547 1310 taurus
1577 1237 1751 1312 inire
1786 1259 2055 1311 nemus.

505 1334 714 1408 Illum
751 1333 942 1430 prose
989 1335 1184 1406 uitur.
1206 1331 1460 1405 secreta
1490 1333 1745 1406 cubilia
1779 1358 2092 1432 quaerens
2454 1351 2547 1434 35

601 1432 911 1522 Bucula,
1071 1433 1328 1529 optatis
1363 1431 1630 1504 detinet
1660 1432 2019 1506 illecebris.

375 1611 387 1622 ,
509 1533 670 1608 Sive
707 1531 878 1604 latus
909 1527 1188 1604 niveum
1219 1529 1413 1602 molli
1456 1530 1745 1604 reclinat
1776 1531 1846 1602 in
1878 1531 2169 1626 umbra,

611 1631 705 1702 Et
743 1628 962 1728 frigus
993 1625 1213 1700 densis
1241 1646 1481 1726 captat
1506 1628 1598 1704 ab
1624 1629 2022 1705 arboribus:

511 1727 650 1804 seu
685 1744 1030 1824 praerupta
1066 1727 1244 1822 petit
1269 1729 1486 1826 juga,
1536 1725 1991 1826 filvarumque
2020 1725 2347 1819 recefl‘us‚

610 1823 950 1922 Agnoscit
981 1823 1266 1898 latebras
1301 1825 1463 1898 laeta
1490 1827 1786 1921 juvenca
1816 1825 1976 1900 suas.
2454 1840 2555 1916 40

514 1923 634 1996 Ah
665 1924 971 2018 quotieS‚
1024 1923 1324 2018 querulis
1354 1925 1523 1995 dum
1560 1925 1807 2021 implet
1842 1923 2227 2022 mugitibus
2249 1941 2505 2018 agroS‚

615 2021 738 2092 Illa·
771 2024 978 2095 etiam
1017 2018 1060 2091 ὲ
1092 2019 1694 2118 summis-rupibus
1726 2023 2094 2119 ingemuit.

515 2115 614 2192 Et
650 2117 782 2190 visa
813 2115 912 2190 est
943 2117 1276 2194 desiderio
1313 2118 1653 2192 tabescere
1684 2119 1973 2192 amantis

613 2210 902 2306 Tristis,
955 2215 1134 2291 &in
1171 2216 1350 2289 nuda
1388 2218 1767 2315 procubuit
1802 2215 2014 2290 filice.

519 2316 624 2391 At
657 2316 947 2388 crudelis
981 2317 1202 2392 Amor
1231 2338 1400 2389 cura
1435 2340 1549 2390 me
1580 2336 1863 2415 torquet
1897 2316 2083 2390 inani
2464 2333 2561 2415 45

622 2414 1059 2511 Exercetque
1093 2436 1300 2487 novas
1331 2415 1401 2485 in
1436 2438 1589 2489 mea
1618 2416 1867 2489 danna
1899 2418 2070 2488 vias.

524 2512 707 2588 Non
738 2537 874 2611 ego
900 2514 1176 2585 vitarim
1213 2511 1507 2611 perfusas
1541 2513 1703 2588 felle
1743 2512 2064 2614 sagittam

625 2610 936 2709 Eripiam
969 2628 1168 2683 tanto
1198 2634 1328 2685 nec
1363 2628 1577 2711 caput
1607 2613 1928 2710 imperio.

529 2708 892 2783 Audistine
935 2709 1104 2783 olim
1143 2706 1447 2783 Inachiae
1494 2710 1633 2784 fera
1669 2707 2143 2809 fata'puellae?

421 2804 440 2825 ⁶
627 2806 919 2881 Addidit
948 2807 1084 2879 heu
1117 2807 1384 2881 miserae
1416 2832 1675 2884 cornua
1701 2810 1911 2891 durus
1938 2810 2188 2881 Amor.
2470 2828 2561 2905 50

529 2904 778 2978 Ducus
823 2911 1048 2979 Amor
1075 2928 1226 2977 cara
1265 2906 1613 2979 Ismarium
1646 2932 1775 3004 pro
1806 2908 2111 3007 conjuge
2140 2923 2383 2983 vatem

629 3002 1002 3101 Compulit
1025 3002 1338 3077 ardentes
1367 3004 1449 3077 ad
1484 2996 1965 3107 phlegetontis
1996 3026 2221 3102 aquae.

535 3098 734 3189 Ibat,
785 3103 862 3174 δε
892 3097 1155 3173 insueto
1189 3102 1539 3176 mulcebat
1570 3108 1871 3177 carmine
1906 3126 2136 3178 manes

637 3198 953 3272 Obscura
985 3199 1313 3299 ingreffus
1345 3200 1581 3275 limina
1616 3204 2105 3300 Persephones.

538 3294 841 3371 Infernae
875 3319 1254 3372 occurrunt
1288 3299 1530 3393 facies,
1580 3314 1783 3400 atque
1804 3301 2093 3375 horrida
2122 3294 2427 3375 monstra
2442 3318 2565 3400 ,55

641 3396 986 3489 Horrida,
1037 3397 1144 3470 sed
1175 3398 1415 3497 positis
1446 3400 1545 3473 nil
1580 3402 1899 3473 nocitura
1930 3400 2165 3475 minis·

541 3490 910 3591 Exangues
944 3498 1258 3593 stupuere
1282 3497 1570 3590 animae,
1622 3522 1753 3572 nec
1784 3498 2127 3573 Cerberus
2156 3522 2281 3573 ora

641 3590 960 3684 Extulit,
1015 3596 1090 3668 &
1122 3598 1346 3693 Stygii
1383 3602 1867 3671 'contremuere
1902 3599 2107 3670 lacus,

543 3686 604 3763 F
605 3688 831 3765 lerunt
864 3692 1321 3787 Eumenides,
1371 3694 1759 3797 lacerosque
1792 3696 2273 3867 Ixionis‘artug
2317 3692 2402 3861 'st‘
2506 3783 2522 3800 ·

1672 3827 1682 3835 -
2280 3812 2321 3862 u
2384 3803 2567 3860 mult
