2802 4532
728 387 1696 525 'ECLOGA
1840 441 1999 519 1.·
2160 388 2344 547 '550

305 598 834 699 Spargemanu,
887 594 964 667 &
982 591 1185 667 viridi
1204 589 1546 663 tumulum
1568 589 2004 707 superintege
2027 590 2345 695 myrtho.

295 700 462 790 My.
509 699 624 773 En
641 695 774 771 tibi
789 694 1062 769 caerulei
1086 686 1398 765 muscum
1417 696 1703 787 aequoris
1718 743 1747 783 ,
1774 715 1862 762 en
1878 694 2011 769 tibi
2028 693 2334 767 conchas
2426 732 2435 742 ·
2551 681 2580 700 “’

295 796 730 895 Purpureas:
786 816 916 865 nec
947 814 1092 863 non
1121 807 1282 859 toto
1312 788 1598 883 quaesita
1630 787 1969 883 profundo
1988 844 2017 885 ‚

291 890 396 967 Et
431 897 564 969 vix
595 918 686 969 ex
723 891 876 966 imis
907 884 1134 962 evulsa
1165 884 1443 958 corallia
1472 884 1643 969 saxis
2234 910 2334 987 40

291 992 734 1067 AdferimuS.
783 1009 868 1064 tu
897 984 1202 1059 solennes
1231 1004 1419 1055 nunc
1449 981 1685 1079 incipe
1725 1004 1999 1081 cantu3‚

294 1090 622 1189 Incipe,
658 1091 832 1163 dum
859 1084 948 1159 ad
975 1079 1184 1155 solem
1225 1082 1515 1177 Bajzinus
1545 1080 1715 1154 retia
1755 1083 2054 1178 Mylcon

291 1186 653 1287 Explica't
678 1215 713 1281 ‚·
761 1187 838 1257 &
873 1178 1180 1255 madidos
1220 1178 1593 1276 componit
1618 1176 1692 1251 in
1724 1178 1893 1265 orbe
1929 1180 2257 1255 rudentes,

295 1290 440 1377 Ly.
496 1288 714 1377 Qos
732 1280 911 1365 mihi
926 1300 1148 1367 nunc,
1199 1275 1425 1367 divae,
1470 1272 1836 1375 scopuloS,
1888 1302 2043 1377 quae
2062 1278 2345 1374 panditis

295 1380 722 1457 Nereides?
771 1400 934 1477 quas
962 1394 1042 1449 tu
1067 1374 1306 1453 secreti
1338 1374 1595 1464 littoris
1622 1374 1906 1469 herbam,
2009 1384 2222 1465 (antra
2252 1396 2346 1469 45

301 1482 612 1553 Glauce
657 1476 896 1575 pater?
941 1498 1094 1573 quae
1122 1470 1565 1547 monstriferis
1590 1472 1769 1547 mihi
1795 1474 2111 1570 gramina
2144 1473 2356 1545 succis

305 1575 682 1651 Ostendes
721 1599 943 1663 nunc,
996 1568 1308 1645 Glauce?
1355 1568 1606 1669 quibus
1630 1570 1882 1645 tellure
1916 1570 2201 1663 felicia,

311 1674 456 1747 Ah
491 1670 724 1766 millet,
773 1673 846 1747 &
873 1668 1112 1769 liquidi
1145 1666 1364 1743 factus
1393 1692 1615 1742 novus
1640 1666 1870 1742 incola
1901 1670 2149 1764 ponti,

314 1771 454 1845 Tc
477 1770 705 1871 sequar
735 1771 810 1843 in
841 1768 1102 1845 medios
1127 1786 1404 1841 mutato
1436 1791 1732 1865 corpore
1766 1766 2055 1862 fluibus,
2284 1822 2301 1837 .

313 1868 431 1943 Et
469 1870 708 1943 feriam
735 1866 956 1942 bifida
986 1864 1370 1962 spumantia
1394 1890 1740 1937 marmora
1765 1864 2004 1937 caud'a.
2248 1884 2346 1960 50

175 2054 180 2058 ,
313 1966 521 2044 Nam
559 1967 728 2067 quid
757 1990 898 2066 ego
927 1962 1064 2041 heu
1097 1960 1250 2038 solis
1280 1963 1493 2037 vitam
1530 1960 1673 2035 fine
1700 1960 2027 2074 Phyllide
2060 1958 2253 2033 terris

311 2066 680 2167 Exoptem
717 2062 959 2139 miser?
1005 2081 1126 2136 aut
1157 2060 1481 2183 quidnam
1516 2078 1709 2161 rapta
1740 2058 1919 2135 mihi
1948 2058 2149 2149 luce,

319 2164 560 2239 Dulce
573 2162 849 2265 putem?
864 2162 1122 2265 quidve
1135 2160 1255 2235 hic
1271 2158 1565 2261 sperem?
1580 2158 1746 2257 quid
1766 2162 1901 2255 jam
1920 2179 2154 2232 morer
2164 2152 2347 2230 ultra

319 2260 633 2336 Infelix?
687 2289 775 2338 an
805 2283 888 2337 ut
919 2262 1050 2336 hac
1078 2260 1208 2334 vili
1229 2256 1581 2358 *projecius
1609 2259 1687 2330 in
1714 2257 1869 2358 alga

331 2361 655 2434 Arenteis
687 2380 955 2436 tantum
988 2359 1312 2447 fruticeS,
1359 2357 1751 2455 desertaque
1783 2378 2057 2432 cernam
2254 2373 2349 2456 55

333 2455 661 2548 Littora‚
683 2473 692 2482 ·
712 2459 788 2529 &
821 2459 1094 2554 ingrato
1115 2456 1370 2553 jackem
1412 2481 1564 2530 mea
1593 2456 1798 2529 verba
1826 2455 2182 2552 sepulcro?

335 2554 630 2628 Scilicet
659 2552 1190 2639 hos'thalamos‚
1241 2551 1368 2624 hos
1398 2551 1629 2624 felices
1657 2553 2053 2646 hymenaeos

253 2649 279 2674 ⁶
339 2647 908 2722 concelebrem?
959 2646 1055 2716 sic
1087 2643 1366 2742 speratae
1393 2646 1569 2716 mihi
1598 2647 1845 2741 gaudia
1870 2649 2073 2725 taedae

340 2747 502 2823 Dat
537 2741 832 2819 Venus?
881 2741 1244 2840 ambiguos
1280 2738 1372 2812 fic
1403 2739 1519 2814 dat
1549 2740 1824 2813 Lucina
1848 2744 2125 2815 timores
2146 2746 2180 2815 ἶ

339 2845 536 2938 Qis
567 2841 743 2918 mihi
777 2839 926 2941 quis
956 2861 1028 2914 te
1057 2858 1128 2916 te
1159 2839 1429 2937 rapuit,
1477 2835 1853 2910 dulciffima
1878 2840 2154 2938 Phylli?
2264 2849 2363 2911 60

337 2941 584 3041 Phylli
607 2965 793 3040 mea2
817 2938 1162 3040 quondam
1193 2938 1457 3040 requies
1488 2935 1765 3036 spesque
1794 2938 1995 3012 unica
2028 2939 2239 3028 vitae,

341 3043 576 3116 Nunc
605 3038 852 3132 dolor,
903 3035 1334 3135 aeternusque
1369 3037 1517 3110 imo
1550 3035 1673 3112 sub
1706 3036 1988 3136 pestore
2018 3037 2267 3112 lucius,
2379 3083 2387 3092 -

309 3142 525 3214 ‘Non
557 3137 761 3212 licuit
791 3157 1022 3216 tecum
1056 3163 1100 3208 o
1155 3154 1330 3210 tatos
1365 3138 1789 3236 con‘ungere
1816 3137 2132 3228 somnos,

338 3239 604 3316 Dulcia
629 3261 763 3312 nec
789 3237 1034 3335 primae
1067 3161 1433 3334 {capere
1511 3258 1644 3308 ona
1665 3236 2021 3333 juventae,

345 3339 492 3410 Aut
527 3335 730 3410 fimul
741 3349 1086 3410 extremos
1101 3334 1313 3409 vitam
1333 3332 1802 3430 producerein
1818 3357 2049 3411 annos,
2100 3335 2223 3430 (ες,
2250 3343 2299 3408 6
2308 3357 2355 3431 ς·
2477 3388 2508 3423 4

353 3432 576 3507 Nunc
593 3453 664 3510 te
680 3434 860 3533 (quis
875 3430 1164 3521 credat?)
1183 3431 1349 3529 lapis
1370 3431 1489 3504 hic
1508 3429 1820 3524 haben&
1837 3433 2009 3506 mihi
2027 3431 2355 3532 nusquam

353 3527 718 3628 Nusquam
750 3553 1080 3610 terrarum
1097 3577 1123 3621 ‚
1174 3531 1286 3603 Ph
1335 3527 1447 3603 lli:
1498 3527 1606 3602 sed
1627 3530 1888 3624 fabula,
1940 3530 2311 3607 &umbrae

359 3627 788 3704 Frustrantur
821 3627 1088 3704 miseras
1117 3649 1239 3727 per
1322 3628 1352 3648 ”
1375 3654 1415 3701 a
1440 3629 1773 3718 insomnia
1798 3629 2049 3704 noel-es,
2423 3616 2442 3635 ‘

353 3723 502 3801 Me
534 3725 890 3806 miserum?
939 3751 1078 3838 qia
1109 3745 1182 3803 te
1209 3725 1487 3804 tandem
1518 3727 1805 3830 regione
1836 3725 2232 3831 requiram?
2358 3790 2371 3806 .

1271 3899 1288 3918 ,
1373 3823 1452 3900 D
1502 3850 1555 3950 ς.
2121 3822 2379 3918 Qave
