2802 4532
8 10 25 137 v*

836 423 1862 542 LIBER·1.
2145 447 2279 508 ιιι

446 573 802 653 Mondofis
832 577 1391 676 epigrammaton
1415 571 1660 648 libellis

445 675 690 751 Insulse
721 675 895 774 legit
914 676 1244 772 imperita
1277 673 1522 746 turba:

440 776 561 849 Sic
594 776 817 849 forsan
846 793 1044 846 tener
1074 770 1261 844 ausus
1288 769 1391 843 est
1425 769 1738 844 Catullus
1749 819 1779 866 ,

438 873 719 973 Magno
750 873 1028 946 mittere
1063 867 1387 964 passerem
1421 869 1738 942 Maroni:

278 963 289 978 ⁰
330 963 339 973 ’
438 971 629 1044 Cum
662 970 747 1045 fit
781 965 1786 1067 fimpliciusque,.re5l:iusque,
2198 997 2296 1075 25-

437 1069 693 1161 Mitti,
745 1069 1017 1158 dicere,
1069 1066 1446 1138 mentulam
1483 1065 1795 1139 Maroni.

441 1167 579 1240 Sed
612 1166 778 1266 quid
814 1187 973 1256 VOS,
1026 1163 1504 1262 Aganippides
1529 1165 1821 1262 puellae,

438 1263 772 1336 Ridetis?
818 1285 1013 1336 meus
1042 1263 1163 1334 hic
1198 1263 1571 1336 Pulitianus

440 1361 633 1433 Tam
666 1361 923 1434 bellum
960 1359 1084 1433 fibi
1114 1359 1436 1458 pafferem
1476 1360 1734 1438 Catulli

444 1456 637 1533 Intra
664 1459 917 1535 viscera
951 1459 1202 1534 habere
1232 1457 1684 1558 concupiscit.
2101 1546 2112 1554 ,
2197 1488 2290 1567 30

1080 1663 1468 1768 vau.

808 1851 1724 1928 DEEODEM.

448 2067 600 2117 anas
628 2043 997 2144 gigantum
1032 2045 1197 2138 iraS,
1249 2044 1323 2120 ὅτ
1360 2044 1658 2144 impetus
1690 2041 1960 2144 graveis

261 2052 747 2226 VMiratut
779 2147 1019 2241 aliquis
1060 2145 1337 2216 audiens
1372 2141 1814 2238 mortalium,

254 2239 654 2341 Ausumque
686 2243 879 2316 coelo
914 2242 1191 2337 vincula
1216 2241 1466 2317 inferre
1504 2243 1696 2315 irrita

249 2338 536 2411 Saevum
564 2340 963 2433 Typhoea,
1015 2364 1179 2413 cum
1202 2338 1532 2441 jugosum
1567 2341 1810 2414 Pelion

248 2435 567 2507 Adderet
602 2434 959 2544 Olympo,
1012 2458 1230 2511 matre
1259 2464 1387 2512 nec
1420 2441 1642 2512 Terra
1674 2436 1898 2514 satum
2229 2460 2278 2538 5

250 2536 315 2603 A
324 2531 690 2631 gnosceret
716 2531 887 2625 sele,
939 2536 1237 2627 impium
1266 2536 1494 2607 donec
1527 2540 1746 2631 patet-J,
2307 2537 2310 2540 ’

248 2631 481 2703 Iratus
512 2628 781 2699 ardenti
810 2630 973 2729 igne
998 2629 1310 2701 substulit
1353 2652 1602 2729 caput,

247 2727 366 2801 Ut
402 2750 533 2825 par
552 2728 748 2796 'eratz
796 2751 949 2799 nam
987 2726 1137 2823 quis
1170 2746 1363 2824 petat
1389 2726 1578 2801 sanus
1611 2730 1848 2807 Deos?

252 2826 356 2898 At
390 2846 579 2897 nunc
611 2825 759 2921 quis
794 2828 973 2916 hoc,
1026 2827 1178 2921 quis
1210 2828 1351 2899 hoc
1382 2826 1554 2903 ferat
1589 2832 2036 2911 mortalium?

254 2923 493 3015 Iners,
543 2920 869 3019 pufillus,
920 2946 1133 3015 unuS,
1186 2926 1319 2997 heu
1354 2928 1561 3025 pulex
1601 2931 1742 3003 ciet
2063 2952 2068 2957 ·
2182 2953 2272 3007 10

246 3020 591 3111 Tun-mas,
645 3020 1030 3114 cohorteis,
1086 3023 1363 3119 copias,
1411 3028 1800 3126 manipulos

248 3119 694 3210 Muscarum,
746 3120 820 3193 &
854 3122 1031 3209 altos
1063 3119 1378 3196 scandere
1410 3126 1689 3223 adparat
1721 3146 1914 3201 toros

250 3213 567 3291 Heroum
588 3268 615 3309 ‚
667 3220 895 3313 opacis
934 3222 1053 3316 qui
1085 3220 1203 3293 sub
1238 3222 1500 3297 umbris
1534 3225 1857 3298 arborum

252 3314 505 3407 Strati,
554 3338 635 3389 ac
670 3319 951 3412 perenni
996 3316 1168 3394 flore
1198 3318 1481 3398 subfulti
1510 3342 1764 3421 caput,

1958 3416 2258 3499 Ducunt

298 3596 547 3673 §.m-bite:
577 3600 731 3651 noster
758 3602 809 3653 in
836 3600 1064 3653 Politiani
1095 3600 1211 3651 Mis·
1274 3616 1407 3667 cere,
1435 3550 1947 3659 miscamMaxullm
1975 3604 2012 3667 1.
2033 3607 2258 3677 3325&-

352 3675 473 3713 mea.
506 3660 615 3719 sed,
656 3666 734 3714 nii
756 3663 910 3722 boni,
952 3678 1103 3727 quam
1129 3678 1213 3727 pa-
1277 3680 1361 3725 50.

377 3722 622 3780 modeste!
654 3727 841 3781 nollem
867 3728 1081 3791 fastum,
1109 3728 1213 3780 Sin·
