2802 4532
495 427 642 518 ιμσ
832 415 1384 513 J0.BAP·1·.
1434 407 2137 496 AMALTHE-Is

417 567 424 574 '
491 562 634 636 Nil
667 560 998 652 mortale,
1049 559 1226 632 nihil
1263 581 1715 654 concretum,
1760 559 1877 634 aot
1908 559 2205 638 {entibus
2234 559 2391 638 ullis

489 657 1008 755 comprensum
1042 658 1419 750 meditans,
1470 659 1549 733 δε
1580 659 1772 757 supra
1785 661 2043 751 nubila,
2098 659 2465 757 &Em-os,

467 757 1002 852 stellarumque
1033 756 1171 828 vias
1205 759 1439 830 animo
1474 761 1806 832 interiore
1834 757 2111 832 ferebar.

495 857 580 930 N
585 859 832 954 am'que
846 855 1108 946 videns,
1125 877 1563 954 quaecunque
1583 855 2207 954 finu,amplexuque
2226 859 2522 932 coe’rcet

494 953 720 1027 Terra
751 952 906 1042 suo,
961 975 1395 1050 quaecunque
1423 959 1541 1026 suo
1575 955 1695 1030 Sol
1732 959 1993 1026 lumine
2024 955 2287 1046 lustrat,
2409 980 2515 1052 50

492 1051 670 1124 Uno
695 1073 785 1124 ex
821 1051 1166 1150 principio
1203 1049 1417 1124 fluere
1448 1055 1721 1140 omnia,
1776 1051 1851 1124 ὃ(
1878 1073 2195 1150 appetere
2230 1077 2439 1126 unum

490 1149 867 1223 Pulchrum
877 1169 1510 1248 que,aeternumque
1526 1149 1597 1224 ὅ(
1614 1149 1797 1222 idem
1816 1149 2245 1224 immutabile
2258 1149 2529 1250 semper

495 1244 1058 1345 Immensumque
1101 1247 1411 1338 bonum,
1462 1271 1650 1322 certa
1673 1251 1819 1346 jam
1862 1249 2020 1320 iuce
2054 1246 2371 1340 fluebat,

496 1345 641 1421 Cui
669 1345 857 1418 nulla
887 1369 1183 1442 unquam
1215 1369 1460 1418 aurora
1490 1347 1733 1442 praeit,
1788 1347 2138 1444 nullaeque
2168 1347 2465 1420 tenebrae

497 1443 939 1534 Succedunt,
989 1468 1146 1540 quae
1181 1443 1316 1516 sola
1345 1444 1486 1518 Dei
1529 1443 1813 1542 vestigia
1850 1444 2213 1518 monstrat.
2418 1467 2523 1544 55·

499 1543 818 1634 Caetera,
870 1541 970 1614 uti
1009 1563 1242 1612 tenues
1278 1541 1591 1633 umbras,
1642 1561 2135 1640 momentaque
2166 1565 2399 1618 rerum

495 1639 824 1738 Exigua,
875 1641 948 1714 ὅτ.
981 1641 1223 1735 rapido
1257 1639 1810 1736 praeterlabentia
1839 1637 2038 1712 cursu

495 1737 951 1836 ExpendenS,
1003 1759 1195 1809 curas
1229 1737 1594 1812 hominum
1634 1735 1990 1812 miserebar
2024 1739 2279 1812 inanes.

599 1839 837 1932 Atque
870 1835 1130 1908 utinam
1162 1833 1348 1908 sacer
1381 1835 1499 1910 ine
1528 1835 1641 1910 sua
1672 1860 1782 1910 me
1816 1837 2116 1934 Spiritus
2146 1857 2347 1925 aura,

497 1933 838 2030 Spiritus,
889 1951 1151 2004 aeterno
1185 1934 1306 2030 'qui
1341 1953 1683 2032 temperat
1712 1926 1944 2005 omnia
1976 1952 2175 2005 motu
2200 1983 2226 2022 ,
2414 1937 2523 2004 60

497 2031 747 2106 Tollat
779 2032 1036 2123 huam,
1087 2029 1473 2128 doceatque
1515 2031 1651 2104 Dei
1685 2027 2041 2102 scrutarier
2071 2049 2263 2119 oras,

495 2127 848 2204 Insuetum
877 2119 1242 2224 expediens
1275 2129 1447 2220 iter,
1499 2129 1572 2200 δί
1614 2127 1835 2224 spacia
1861 2124 2067 2198 ardua
2100 2129 2313 2218 coeii,

493 2227 872 2303 Thesbites
899 2226 1114 2301 veluti
1147 2225 1485 2325 liquidum
1514 2225 1711 2324 super
1744 2222 2005 2299 aethera
2038 2221 2275 2298 νεᾶιιε

497 2326 814 2400 Emicuit
833 2378 858 2419 ,
914 2326 1320 2424 strinxitque
1355 2328 1527 2397 rotis
1558 2322 1944 2397 ardentibus
1970 2320 2142 2396 astra
2161 2374 2186 2415 ,
2388 2330 2465 2419 (6
2472 2344 2523 2419 ς,

499 2423 838 2498 Coelestes
857 2424 1200 2522 quondam
1221 2421 1354 2497 aus
1341 2448 1418 2496 us
1438 2446 1677 2519 equ03,
1696 2444 2119 2521 currumque
2134 2420 2515 2513 volucrem,

495 2520 881 2619 Igniferum
903 2572 928 2613 ‚
979 2522 1378 2619 ingentem,
1430 2519 1867 2619 flammasque
1894 2544 1980 2593 ex
2017 2544 2148 2593 axe
2172 2540 2515 2595 rotantem

496 2620 846 2713 Flectere‚
897 2621 972 2691 &
1005 2619 1308 2693 immiffis
1333 2621 1599 2692 coelum
1642 2642 2038 2715 percurrere
2072 2618 2377 2693 habenis·

499 2717 671 2791 Hoc
711 2742 854 2792 uno
889 2716 1261 2809 desiderio,
1311 2740 1518 2817 atque
1550 2717 1876 2814 cupidine
1910 2714 2202 2815 flagrans

502 2814 686 2888 Illud
719 2840 894 2915 ago,
949 2835 1030 2887 ut
1063 2839 1257 2890 mens
1293 2830 1627 2904 corporea
1654 2836 1957 2911 contage
1994 2812 2229 2887 relieta

465 2914 876 3009 ‚Obstantes
909 2910 1174 3005 superet
1211 2915 1463 3003 nubes»,
1515 2912 1711 3009 seque
1746 2909 1989 2985 inferat
2016 2911 2227 2985 astris.
2420 2931 2531 3007 70

598 3014 722 3085 Tu
753 3033 1030 3109 quoque
1073 3009 1120 3081 fi
1147 3009 1357 3083 nostri
1389 3008 1645 3101 socius,
1696 3007 2102 3105 consorsque
2132 3007 2424 3099 laboth,

499 3108 662 3183 Tan
715 3134 867 3184 uam
906 3106 1114 3180 animi
1151 3104 1533 3203 templum,
1584 3110 1719 3181 diae
1755 3108 2119 3206 penetralia
2154 3102 2405 3178 mentis

499 3208 643 3283 His
697 3209 888 3283 olum
922 3204 1166 3279 reseras
1201 3210 1420 3299 curis,
1472 3206 1613 3280 hoc
1646 3206 1905 3279 lumine
1940 3203 2209 3295 lustra,

501 3304 821 3379 Forsitan
857 3309 931 3381 &
966 3328 1090 3379 nos
1125 3304 1518 3399 posteritaS,
1572 3306 1645 3377 &
1674 3304 1813 3378 sera
1840 3322 2171 3397 nepotum

502 3400 672 3475 Post
705 3405 979 3479 obitum
1003 3460 1025 3497 ,
1079 3402 1152 3473 &
1191 3426 1421 3479 mutos
1465 3406 1723 3477 cineres
1756 3402 2111 3475 mirabitur
2142 3416 2351 3491 aetas,
2416 3418 2526 3496 75

505 3498 620 3571 Ut
648 3496 828 3573 sacer
855 3503 1162 3586 absentes,
1185 3502 1362 3575 idem
1400 3503 1841 3600 conjunxerit
1869 3498 2103 3570 ardor:

503 3594 755 3695 thue
781 3599 954 3673 alter
989 3597 1186 3672 viridi
1221 3603 1290 3673 in
1327 3602 1479 3696 ripa
1510 3624 1725 3693 prope
1758 3596 2069 3673 Tibridis
2100 3594 2397 3690 undam,

508 3694 752 3791 Alter,
801 3696 922 3775 ubi
951 3698 1212 3795 irrigua
1239 3701 1467 3801 cingit
1496 3694 1563 3773 se
1592 3700 1804 3775 Baetis
1834 3697 2067 3793 oliva,
2328 3786 2403 3864 D

2408 3808 2531 3863 um
