2802 4532
382 438 644 543 »ψη
947 415 1996 549 ELEaeiJARuM

463 582 714 664 Testes
736 583 1104 676 Cumaeae‚
1153 579 1358 658 testes
1389 578 1841 657 Linternides
1872 587 2123 683 undae,'

563 681 948 783 saneraque
979 680 1330 755 Gauranae
1359 680 1644 756 numina
1676 684 2244 791 Hamadryadee,'

467 784 669 860 Illam
705 783 1082 879 sylvanos‚
1130 779 1483 880 Panasque
1508 780 1728 855 odisse
1754 779 2115 884 bicornes,
2410 818 2498 898 ¹5

565 884 664 957 Et
699 877 1142 981 quoscunque
1169 878 1346 953 colit
1371 878 1597 977 sylva,
1650 881 2023 983 nemusque
2064 892 2282 968 Deos.

467 982 604 1059 Sed
633 982 804 1079 quid
833 978 976 1052 fata
1002 1000 1245 1078 parant
1263 982 1293 1033 Ρ
1339 976 1557 1051 solitis
1593 980 1933 1057 Morinna
1958 987 2229 1067 redibat

564 1077 976 1155 Montibusae
1029 1080 1176 1151 hoc
1206 1078 1308 1151 ini
1333 1100 1593 1153 nomen
1610 1130 1637 1169 ,
1686 1079 1765 1155 δε
1794 1104 2005 1159 omen
2030 1110 2218 1165 erat:

463 1176 655 1253 Cum
690 1176 914 1253 subita
945 1176 1214 1257 coelum
1253 1178 1437 1251 texit
1468 1178 1595 1251 cali
1654 1177 1767 1253 ine
1790 1181 2107 1280 nimbus,

555 1279 657 1351 Et
689 1277 912 1349 multa
951 1300 1193 1351 canam
1228 1277 1569 1377 grandine
1711 1279 1773 1351 it
1800 1278 2125 1359 humum.
2394 1308 2488 1364 20

455 1377 586 1455 Illa
621 1376 947 1473 hyemem
981 1375 1056 1447 fis
1113 1378 1291 1465 iens,
1339 1376 1601 1451 diversa
1644 1400 1771 1476 per
1798 1403 1959 1455 arva
1988 1388 2343 1482 cucurrit,
2474 1430 2485 1439 ·

555 1475 784 1549 Tecta
813 1496 1032 1571 caput
1087 1473 1292 1563 ertiS,
1341 1472 1678 1571 grandine
1718 1475 1903 1553 taeta
1934 1504 2181 1581 caput.

451 1572 682 1651 Vallis
713 1590 858 1647 erat
887 1596 1112 1670 prope
1137 1571 1469 1645 sulfureos
1510 1574 1689 1647 maie
1780 1578 1966 1651 ervia
2000 1602 2319 1677 monteS,

551 1670 865 1773 Candida
897 1696 1102 1771 quam
1137 1666 1366 1769 Grajo
1399 1673 1687 1744 nomine
1744 1694 1942 1771 ignat
1972 1674 2257 1757 humus.

451 1772 666 1849 Hanc
711 1769 910 1868 super
949 1767 1192 1843 excifis
1223 1768 1568 1868 pendebat
1601 1772 1921 1847 cautibus
1949 1791 2231 1851 antrum
2248 1828 2277 1871 ,
2398 1798 2490 1881 25

543 1868 969 1969 Agricolfim
1002 1867 1272 1942 hirsutis
1309 1888 1478 1943 nota
1504 1868 1763 1950 ,domus
1792 1873 2146 1971 gregibus,

445 1970 845 2071 Pugnautes
879 1972 1022 2041 huc
1059 1967 1248 2040 forte
1290 1970 1625 2065 coiigerat
1655 1968 1961 2067 impiger
1973 1971 2225 2046 ,hircos

553 2065 1044 2165 Semideusque
1073 2086 1282 2163 caper
1297 2118 1322 2157 ,
1345 2066 1882 2165 -semicaperque
1916 2069 2132 2142 Deus,

451 2166 694 2259 Quem
727 2164 978 2261 procul
1005 2182 1086 2235 ut
1115 2162 1295 2235 vidit
1331 2160 1728 2263 Nymphe,
1783 2164 1877 2237 fic
1911 2166 2389 2263 pestooe.t010

423 2285 437 2300 ·
549 2262 980 2361 Insequitur,
1033 2260 1200 2336 tales
1230 2258 1308 2338 &
1336 2261 1515 2360 jacit
1548 2287 1676 2338 ore
1717 2261 1963 2341 sonos:
2392 2289 2483 2366 30

441 2365 624 2460 Quo
658 2383 982 2460 properas
1011 2361 1102 2434 ah
1133 2361 1345 2451 dura,
1397 2360 1710 2458 measque
1745 2361 2016 2463 ingrata
2042 2364 2347 2464 querelae

549 2457 918 2559 Despicis?
966 2457 1270 2558 aspecitus
1309 2482 1400 2534 ne
1429 2455 1647 2558 suge,
1702 2461 2093 2560 Nympha,
2136 2487 2355 2539 meos.

451 2562 755 2636 Mecum
789 2559 1148 2658 capreolos
1163 2609 1190 2652 ‚
1238 2579 1523 2632 mecum
1556 2557 1895 2633 venabere
1928 2562 2195 2638 damas:

553 2657 832 2732 Parebit
855 2655 1049 2759 jussis
1077 2657 1220 2730 hoc
1262 2679 1479 2757 pecus
1514 2681 1728 2732 omne
1758 2659 1916 2733 tuis.

451 2758 590 2832 Nil
608 2755 709 2831 est
726 2809 753 2849 ‚
782 2756 974 2854 quod
990 2756 1245 2855 fugias:
1281 2755 1459 2830 mihi
1486 2755 1730 2849 crede,
1750 2762 2055 2834 recentia
2066 2761 2333 2861 semper
2384 2780 2479 2859 35

545 2856 812 2929 Pocula
839 2855 928 2928 de
961 2857 1166 2927 niveo
1197 2853 1240 2926 f
1323 2856 1432 2928 ina
1466 2853 1641 2929 laete
1670 2853 1976 2930 madent.

453 2957 745 3054 Semper
773 2951 958 3050 Ρίἃει
989 2951 1154 3024 rofis
1171 3001 1198 3042 ‚
1273 2975 1514 3048 emper
1536 2971 1875 3026 contexta
1916 2953 2217 3054 ligustris

551 3053 672 3126 De
697 3049 932 3124 nostro
965 3051 1226 3147 poteris
1257 3073 1545 3125 munera
1569 3048 1749 3122 ferre
1782 3048 1952 3122 finu.

453 3153 694 3229 Dixit.
741 3167 814 3222 at
846 3147 959 3222 illa
989 3149 1228 3220 volans
1256 3146 1508 3221 celeres
1536 3149 1989 3244 praevertitur
2014 3168 2202 3222 auras
2220 3197 2248 3241 ,

549 3250 786 3322 Imbre
817 3247 996 3322 nihil
1021 3265 1255 3320 motos
1284 3247 1381 3318 im
1434 3244 1711 3320 odiente
1734 3245 2010 3346 gradus.
2381 3269 2479 3342 40
2504 3288 2525 3312 κ

446 3345 748 3446 Jamque
771 3367 1012 3448 petens
1029 3343 1378 3445 tristesque
1420 3367 1578 3420 acus
1594 3398 1622 3439 ,
1670 3344 2103 3445 sterilemque
2114 3341 2435 3446 paludem
2450 3395 2481 3442 ,

2228 3442 2486 3520 Confi·

395 3695 402 3704 .
513 3656 576 3705 V.
611 3669 690 3712 29.
721 3655 868 3720 §gen
893 3657 1110 3718 proculae
1133 3657 1258 3706 vidie
1275 3657 1443 3708 Nvu·
1504 3648 1562 3704 fit
1600 3655 1617 3704 1
1680 3651 1861 3704 endum
1894 3687 1910 3710 ,
1934 3653 2048 3710 ’9ιί
2090 3655 2237 3716 procu!
2270 3667 2321 3704 ut
2358 3657 2483 3705 vetit

1504 3667 2183 3836 zffi‘fzzizrrznar?
2230 3721 2341 3772 ⁰²¹⁰
2378 3719 2485 3772 ⁸¹³⁶

449 3724 622 3778 ent]
681 3721 758 3770 Ita
786 3717 965 3769 habent
985 3733 1158 3770 omne·
1187 3718 1441 3770 editiones.

457 3783 648 3835 nullum
680 3793 846 3835 aurem
877 3781 1077 3835 dubium
1096 3781 1164 3833 est
1182 3783 1304 3835 mihi
1323 3783 1441 3850 quin
