2802 4532
563 441 718 524 552
929 404 2157 506 TESTIMONIA.

552 562 727 758 Bari
772 564 1222 678 aequalique
1270 566 1527 674 gloria
1577 587 1878 651 nomen
1903 565 2126 651 suum
2163 581 2566 654 tueantur.

645 699 690 755 e
738 673 1115 762 Smcssao
1166 675 1416 780 igitur
1464 675 1715 782 prius·

666 781 849 912 Qua
886 781 1380 891 ,tempestate
1425 783 1795 892 ⁸*melioris
1848 784 2041 869 vitae
2093 783 2356 870 officia
2405 781 2570 869 Bo·

546 913 821 976 nomae
896 893 1333 1002 auspicatus
1384 891 1603 990 sum,
1656 893 1902 980 habui
1958 893 2392 980 studiorum
2437 893 2567 978 so-

550 1005 770 1084 cium
850 1001 1177 1088 Pacium
1234 1004 1656 1114 Aquiiium
1709 1003 2014 1088 Civem
2070 1004 2574 1102 Romanum,

426 1133 472 1163 ·-
546 1114 695 1217 qui
746 1131 975 1197 antea
1025 1113 1697 1222 miiitiaefluoque
1729 1111 2000 1198 fuefat
2037 1109 2570 1198 contuberna-

541 1219 663 1304 lis,
771 1219 849 1304 E
882 1217 1245 1320 Calabria
1275 1224 1524 1330 igitur
1557 1245 2064 1309 commeatus
2161 1222 2599 1308 ratiaNea--

545 1332 799 1440 polim
838 1355 1089 1439 quum
1126 1329 1502 1428 veniffet,
1557 1331 1966 1419 decedens
1999 1335 2084 1416 in
2155 1357 2252 1428 e,
2303 1332 2589 1415 secum*
2720 1329 2725 1356 ¹

542 1441 811 1527 attulit
858 1437 1255 1548 Eclogam
1308 1443 1861 1538 SANNAzAan,
1975 1446 2058 1525 ui
2099 1440 2385 1526 titulus
2421 1441 2566 1538 est,

542 1547 851 1652 Lycen,
900 1575 993 1634 ac
1028 1569 1325 1656 praeter
1359 1575 1537 1636 eam
1573 1577 1680 1636 ex
1697 1468 2138 1661 Chrifleide
2173 1547 2325 1658 (fic
2359 1553 2594 1636 enim.

538 1657 1033 1768 appellabat)
1103 1658 1411 1768 aliquot
1489 1663 1838 1755 carmina
1907 1661 2092 1746 sane
2144 1686 2397 1771 quam
2445 1662 2559 1746 lu-

540 1769 883 1852 culenta.
996 1767 1375 1882 Quorum
1443 1770 1644 1856 mihi
1673 1797 1894 1856 nunc
1925 1796 2185 1882 quum
2215 1774 2306 1854 in
2343 1795 2562 1854 men-

534 1895 707 1966 tem
759 1878 1024 1976 venit,
1078 1901 1251 1961 non
1301 1878 1616 1986 poflum
1665 1907 1836 1966 non
1868 1877 2238 1976 didicisse
2295 1903 2405 1964 ex
2427 1876 2562 1986 ju·
2640 1909 2649 1923 ·

531 1986 757 2069 dicio
777 1990 971 2090 tanti
993 1988 1189 2082 viri,
1240 1993 1379 2096 qui
1419 1987 1648 2098 Opus
1684 1986 2286 2082 divinumillud
2323 1987 2557 2072 suum

525 2114 845 2182 mutato
888 2093 1225 2188 consilio,
1272 2093 1536 2206 postea
1593 2121 1758 2178 non
1795 2091 2301 2212 Christei'dem
2324 2153 2352 2193 ,
2409 2091 2562 2181 sed

527 2204 638 2289 de
678 2208 953 2287 *Par-tu
991 2205 1391 2335 Virginis,
1447 2202 1918 2315 inscriptum
1953 2203 2264 2292 maluit.
2321 2203 2560 2315 Qua-

527 2338 622 2397 re
668 2330 866 2427 vero
924 2316 1209 2426 prioris
1243 2313 1785 2422 inscriptionis
1815 2315 2140 2397 titulum
2173 2312 2555 2425 repudia-

524 2423 678 2518 rit,
734 2426 1229 2532 cognoscere
1260 2425 1437 2510 satis
1481 2425 1564 2513 in
1601 2444 1930 2531 promtu
1964 2421 2096 2507 est.
2213 2423 2548 2511 Etenim

523 2532 774 2627 vitam
824 2533 1154 2647 actaque
1190 2529 1486 2617 Christi
1523 2560 1772 2646 quum
1813 2536 1899 2619 in
1935 2558 2038 2616 eo
2073 2537 2550 2645 neutiquam

520 2662 838 2741 narret,
891 2644 1030 2732 sed
1084 2646 1365 2735 natalia
1403 2662 1718 2728 tanturn
1751 2663 2020 2738 canat,
2075 2640 2548 2752 simplicissi-
2679 2668 2688 2677 ·

521 2777 659 2837 me
708 2750 1076 2865 profesto
1110 2752 1422 2837 Latinis
1463 2752 1726 2838 verbis
1763 2750 2144 2861 expreffit
2183 2753 2546 2861 Operam

516 2861 762 2949 suam.
869 2862 1193 2950 Insuave
1266 2859 1534 2945 fuiss'et
1565 2921 1591 2959 ,
1673 2860 2307 2965 Parthenotocia
2345 2922 2374 2960 ,
2464 2862 2545 2947 &

512 2970 927 3055 :Theotocia
950 3030 1266 3055 ........
1316 2970 1497 3092 post
1562 2974 1814 3054 multa
1847 3006 1874 3055 .·
1948 2966 2268 3079 Ecloga
2349 2998 2546 3058 vero

400 3148 405 3153 .
519 3078 857 3169 Galatea
889 3080 1129 3186 longe
1166 3096 1466 3185 optlma
1505 3078 1639 3163 est.
1752 3078 2003 3163 Eeam
2039 3101 2239 3165 ante
2271 3085 2542 3181 etiam,

514 3216 757 3297 quam
810 3188 1229 3281 ederetur,
1280 3212 1517 3271 manu
1573 3188 1837 3272 nostra
1881 3188 2362 3294 descriptam
2398 3194 2532 3275 ha·

474 3297 859 3385 huimus.
970 3300 1162 3384 Non
1202 3297 1446 3409 igitur
1479 3320 1806 3407 operam
1846 3298 2186 3407 perdidi.
2265 3301 2532 3411 Quod

512 3410 732 3489 enim
785 3434 999 3495 nunc
1050 3410 1339 3516 legitur
1375 3434 1447 3487 v.
1488 3436 1558 3507 5.
1669 3404 2032 3519 AEquora
2070 3402 2536 3519 sollustraitt

492 3515 882 3622 flammis,
934 3518 1041 3600 ita
1090 3520 1468 3625 scriptum
1522 3514 1670 3601 fuit
1713 3545 1730 3599 ε
1803 3516 2170 3629 AEquora
2228 3524 2530 3607 riman·

511 3644 655 3719 tur
682 3624 1083 3733 flammis:
1160 3650 1247 3715 ut
1297 3626 1692 3739 intelligas
1745 3626 2012 3739 magni
2071 3626 2254 3717 Viri
2303 3628 2525 3741 judi·
2652 3655 2660 3664 ·

1210 3800 1215 3806 ·
2271 3764 2508 3829 cmm·
